2554 3394
696 168 699 169 ⁷
846 155 876 204 I
877 156 933 206 V.
967 154 1244 210 CONTRA
1277 158 1608 215 MAIOREM
2239 174 2337 245 225

120 279 307 326 additur
334 276 414 326 ista
438 272 528 323 effe
554 265 805 335 neceffiaeriu
826 268 1119 335 adsalutem.
1191 271 1430 324 Differunt
1453 278 1705 342 plurimum
1730 285 1778 334 ὅ(
1802 284 2077 350 hujusmodi
2098 283 2342 346 orationes

121 360 230 392 cum
245 344 345 404 quis
360 343 474 391 dicit
485 376 499 399 ,
518 335 792 402 justificatis
813 335 965 407 &fide
976 335 1439 410 cqnsbcutisffllutc¹m
1452 340 1536 409 effi»
1547 345 1796 412 neceffe'tria
1808 351 1924 404 bona
1936 369 2090 421 opera.
2159 362 2218 411 Et
2228 377 2340 412 cum

119 415 219 476 quis
229 413 378 463 addit.
447 407 529 458 Ad
530 404 741 470 salutem
763 403 845 469 effe
856 404 1116 470 neceſjaria.
1188 409 1311 454 Nam
1333 410 1433 456 haec
1455 416 1696 478 appendix
1719 417 1896 469 indicat
1919 427 2104 475 causam
2127 428 2177 480 <sc
2202 432 2342 478 meria

119 489 236 528 tum.
306 479 379 525 De
399 480 569 524 merito
587 473 737 521 salutis
762 472 1031 520 defensores
1035 469 1223 536 justitiae
1238 488 1438 538 operum
1455 478 1724 545 intelligunt
1748 485 1796 533 ὅ(
1818 487 2014 554 intelligi
2039 494 2206 544 volunt
2229 489 2341 546 cuni

118 547 389 601 clamitant,
422 559 566 607 opera
583 543 704 588 bona
718 537 808 586 effe
824 539 1073 587 necessaria
1088 543 1145 589 ad
1160 540 1369 593 salutem.
1424 544 1477 591 In
1497 547 1588 595 hac
1609 550 1828 599 oratione
1840 559 2039 605 omnino
2051 561 2227 626 aliquid
2243 564 2341 613 sub²

117 613 380 678 intelligere
396 609 666 675 &supplere
680 613 877 670 oportet
889 639 902 664 ‚
927 608 1057 671 quod
1072 606 1249 655 sensum
1264 608 1490 658 absolvat.
1565 615 1744 665 Omnia
1757 622 1882 668 enim
1898 619 2340 693 subintelligendum

118 680 212 738 est,
242 679 493 728 necessaria
508 677 598 724 effe
619 689 765 738 opera
778 674 834 720 ad
851 676 1132 737 parandam,
1169 683 1252 722 aut
1270 678 1328 723 ad
1349 680 1608 740 agendam,
1641 686 1793 732 autad
1816 691 2154 750 perficiendam
2179 706 2258 745 aut
2282 701 2341 745 ad

115 749 489 798 conservandam
513 744 718 792 salutem.
788 741 878 786 Sed
892 740 1069 789 nullum
1084 756 1144 789 ex
1158 742 1228 789 his
1243 742 1443 792 senfibus
1458 746 1664 797 tolerare
1684 753 1838 815 potest
1857 756 2030 808 sincera
2045 760 2261 811 doctrina
2284 767 2340 813 fi-

114 818 205 865 dei.
275 815 453 862 Omnia
475 812 549 859 illa
570 811 617 860 &
633 807 804 872 fingula
820 807 1004 856 causam
1018 810 1066 858 ὃς
1081 810 1302 858 meritum
1319 814 1607 876 exprimunt.

277 880 510 945 Justitiarii
526 875 711 943 Papistae
719 873 943 938 justitiam
960 875 1009 926 ὅ(
1023 875 1215 924 salutem
1239 878 1445 928 hominis
1461 884 1641 946 parari,
1679 888 1899 951 augeri&
1913 893 2227 944 consummari
2248 898 2337 947 do.

115 956 230 998 cent
243 950 463 1014 perbona
476 961 635 1011 opera.
704 942 829 990 Cum
847 942 1038 1009 Papistis
1060 958 1176 1008 ergo
1192 945 1333 1003 facit,
1366 949 1446 1011 qui
1471 950 1609 1000 sentit
1632 950 1776 1018 opera
1801 958 2054 1009 necessaria
2068 962 2159 1023 elle
2181 967 2239 1011 ad
2259 982 2339 1031 pa.

112 1018 304 1065 randam
319 1049 333 1072 ,
370 1015 634 1078 augendam
650 1009 698 1058 ὅ(
713 1010 1051 1075 perficiendam
1070 1012 1278 1065 salutem.
1345 1014 1390 1063 Si
1413 1017 1654 1083 quisquam
1672 1020 1810 1072 sentit
1824 1039 1879 1072 ea
1897 1025 1989 1075 esse
2004 1029 2255 1079 necessaria
2276 1036 2338 1085 ad

114 1083 304 1131 salutem
318 1082 684 1130 conservandam
698 1111 713 1134 ,
743 1092 803 1124 ne
822 1078 899 1124 hic
914 1079 1104 1142 quidem
1122 1079 1299 1128 abludit
1312 1083 1369 1129 ab
1381 1081 1572 1133 istorum
1587 1087 1801 1139 d0&rina
1815 1093 1894 1156 qui
1907 1096 2119 1145 tribuunt
2131 1096 2238 1148 fidei
2254 1101 2337 1150 ini·

113 1146 585 1212 tiuinjustilicationis
599 1181 613 1204 ‚
638 1145 859 1208 operibus
874 1146 1335 1195 consummationem
1352 1181 1368 1205 ‚
1387 1150 1435 1200 ὅ(
1449 1154 1528 1216 qui
1541 1155 1706 1203 dicunt
1720 1159 2040 1224 principaliter
2054 1164 2195 1212 fidem
2210 1199 2224 1222 .,
2243 1169 2337 1215 mi-

109 1232 197 1264 nus
212 1217 533 1282 principaliter
546 1228 691 1279 opera
707 1212 894 1262 salvare.
962 1214 1167 1262 Veritati
1180 1215 1421 1279 Evangelii
1436 1229 1671 1291 repugnat
1685 1256 1699 1279 ,
1734 1224 1826 1275 five
1845 1228 1972 1276 dicas
1988 1246 2134 1295 opera
2149 1232 2239 1280 esse
2254 1250 2334 1282 ne-

109 1283 297 1331 ceffaria
311 1285 369 1330 ad
393 1282 581 1330 salutem
606 1291 657 1328 ut
678 1294 784 1326 eam
800 1289 1163 1342 promereantur
1185 1281 1276 1328 sive
1302 1290 1353 1330 ut
1374 1286 1630 1347 adjuvent,
1666 1289 1757 1339 sive
1780 1302 1833 1341 ut
1859 1298 2134 1358 perficiant,
2169 1300 2261 1349 ssve
2283 1309 2335 1350 ut

108 1353 391 1398 conservent
404 1365 523 1397 eam.
594 1344 719 1395 Nam
734 1347 780 1392 in
797 1346 866 1391 his
880 1347 1101 1395 omnibus
1116 1348 1247 1412 quod
1263 1347 1397 1398 solius
1413 1350 1477 1399 est
1490 1352 1623 1413 fidei,
1653 1360 1933 1409 transfertur
1955 1367 2013 1412 ad
2030 1368 2157 1413 bona
2171 1383 2334 1433 opera.
2369 1403 2378 1407 -

106 1417 214 1465 Sola
230 1415 347 1464 fides
354 1414 576 1479 justificat
589 1413 638 1462 ὅ(
653 1411 944 1461 salvatinitio
958 1442 971 1465 ‚
988 1414 1148 1462 medio
1161 1415 1213 1464 &f
1223 1412 1331 1463 fine.
1374 1455 1375 1458 η
1402 1419 1534 1467 Fides
1549 1421 1742 1489 incipit,
1765 1427 2013 1492 perficit&
2030 1433 2197 1482 eadem
2220 1430 2337 1495 con-

105 1485 257 1532 servat
272 1484 478 1532 salutem.
550 1483 717 1529 Homo
734 1494 817 1543 per
831 1479 973 1528 solam
996 1481 1142 1529 fidem
1159 1481 1331 1546 absque
1347 1488 1571 1550 operibus
1591 1491 1674 1545 fit,
1711 1492 1778 1541 est
1791 1496 1839 1545 <Sc
1859 1506 2021 1546 manet
2027 1496 2176 1563 justus
2191 1496 2333 1552 &sal-

105 1564 206 1601 vus.
275 1551 471 1612 Semper
479 1545 627 1611 justus
640 1549 735 1595 tide
749 1547 955 1595 sua-vivit
967 1579 983 1603 ,
1017 1549 1109 1595 hac
1122 1548 1280 1596 amissa
1294 1554 1526 1602 amittitur
1547 1557 1664 1606 salus
1683 1560 1731 1609 ὃ(
1744 1563 1856 1612 vita.
1994 1582 1996 1585 ·

274 1617 408 1664 Fides
423 1615 449 1662 fi
464 1617 609 1663 debet
620 1613 712 1662 effe
727 1615 860 1660 firma
880 1612 930 1663 <Sc
949 1612 1063 1661 salus
1075 1622 1204 1663 certa
1217 1640 1231 1672 ‚-
1253 1615 1392 1666 solius
1406 1620 1578 1670 Christi
1592 1628 1814 1690 operibus
1827 1662 1843 1688 ‚
1869 1629 2155 1695 paffio'nibus
2169 1634 2219 1685 ὅ(
2231 1651 2330 1684 me·

102 1683 200 1732 ritis
214 1684 390 1732 nitatur
402 1690 613 1746 oportet.
683 1681 896 1728 Tantum
918 1679 1045 1728 abest
1069 1689 1123 1729 ut
1142 1681 1219 1730 lex
1234 1683 1283 1733 ὅ(
1303 1699 1451 1750 opera
1477 1687 1707 1752 adjuvent
1729 1695 1778 1745 ὅ(
1801 1698 2055 1748 conferant
2076 1700 2246 1767 aliquid
2270 1705 2330 1752 ad

103 1750 313 1808 salutem,
325 1756 376 1797 ut
389 1749 554 1796 Paulus
568 1747 775 1812 appellet
789 1762 844 1793 ea
855 1761 1009 1810 egena
1023 1747 1272 1798 &infirma
1289 1752 1528 1803 elementa
1541 1761 1720 1809 mundi.
1792 1763 1934 1828 Legis
1948 1771 2192 1832 proprium
2207 1785 2329 1835 opus

102 1816 167 1866 est
179 1820 404 1871 damnare
416 1846 433 1868 ,
464 1824 561 1862 tam
586 1814 730 1879 longe
742 1813 869 1861 abest
883 1823 940 1862 ut>
949 1814 1120 1879 aliquid
1143 1816 1286 1866 faciat
1297 1818 1586 1883 adjustitiam
1600 1827 1648 1877 ὅ(
1661 1827 1871 1880 salutem.

271 1882 513 1932 Misserum
527 1880 753 1946 effugium
774 1881 839 1929 est
861 1881 1000 1929 dilabi
1017 1885 1072 1930 ad
1087 1883 1342 1934 confletam
1359 1887 1706 1953 distinctionem
1724 1897 1783 1944 de
1797 1899 1963 1948 adultis
1979 1900 2027 1950 ὅ(
2041 1902 2051 1948 i
2058 1902 2332 1964 nfantibus‘,³

99 1952 149 2002 ὃς
165 1945 490 2000 necessitatem
510 1951 747 1997 bonorum
764 1964 963 2014 operum
985 1951 1041 1998 ad
1056 1950 1249 2001 salutem
1261 1953 1348 2003 illis
1361 1958 1612 2021 imponere
1626 1993 1640 2017 ‚
1663 1963 1753 2012 hos
1768 1964 1845 2013 illa
1859 1967 2134 2018 necestitate
2147 1969 2318 2022 levare.

97 2019 188 2067 Etfi
202 2035 298 2066 non
313 2016 501 2083 poffunt
513 2015 715 2065 infantes
737 2018 878 2064 edere
891 2015 1237 2068 confeffionem
1251 2021 1300 2071 ὅ(
1313 2021 1438 2088 ligna
1453 2029 1752 2091 poenitentiae
1769 2040 1818 2080 ut
1839 2033 2013 2092 adulti,
2055 2044 2215 2086 tamen
2239 2041 2322 2088 fala

95 2086 191 2134 sum
206 2085 272 2132 est
286 2086 420 2133 aliter
432 2083 550 2137 illos,
564 2083 697 2132 aliter
708 2081 796 2132 hos
801 2081 1062 2148 justificari.
1135 2086 1238 2136 Una
1253 2089 1319 2137 est
1337 2093 1458 2141 ratio
1483 2092 1823 2156 justificationis
1837 2100 1885 2151 ὅ(
1906 2102 2057 2151 salutis
2071 2119 2155 2169 per
2175 2107 2325 2157 lidem-

93 2155 139 2201 in
159 2152 322 2217 JEsu'm
337 2149 574 2199 Christum
588 2168 605 2209 ,⁷
631 2167 715 2217 per
728 2151 842 2200 illius
859 2153 1141 2204 obedientiae
1153 2155 1203 2205 ὃ(
1217 2155 1439 2221 paffionis
1453 2165 1636 2212 merita.

266 2219 397 2267 Unus
413 2221 704 2282 promittitur
717 2219 766 2268 <Sc
787 2223 923 2268 datur
944 2223 1161 2271 denarius
1175 2232 1272 2272 tam
1287 2226 1341 2274 iis
1354 2261 1369 2283 ‚
1405 2229 1482 2293 qui
1497 2229 1647 2281 ultimi
1663 2261 1676 2284 ‚
1712 2239 1809 2281 tam
1825 2235 1902 2298 qui
1919 2238 2053 2300 primi
2068 2239 2114 2286 in
2128 2240 2326 2290 vineam·

91 2287 318 2343 veniunt,
353 2286 444 2333 fine
468 2285 677 2350 respectu
700 2287 794 2335 ullo
819 2303 1049 2352 operum,
1087 2289 1179 2339 five
1203 2293 1434 2351 multum,
1472 2296 1565 2346 five
1587 2314 1753 2364 parum
1777 2300 2122 2362 laboraverint,
2152 2307 2201 2357 ὅ(
2223 2307 2324 2357 five?

90 2353 240 2402 multa
255 2386 269 2409 ,
304 2353 396 2401 five
409 2369 559 2418 pauca
573 2386 586 2410 ‚
622 2353 713 2402 five
736 2354 858 2403 nulla
873 2357 997 2405 bona
1013 2372 1159 2421 opera
1171 2359 1402 2417 fecerint,
1433 2366 1583 2414 modo
1599 2369 1901 2417 inveniantur
1923 2372 1968 2418 in
1984 2370 2074 2419 fide
2095 2388 2315 2423 conven-

92 2422 233 2468 tionis
248 2420 297 2470 ὅ(
312 2420 626 2484 promiffionis
647 2423 825 2485 gratiae-⁷
889 2425 1038 2491 Qod
1052 2426 1257 2476 infantes
1270 2426 1587 2492 justificantur
1600 2434 1648 2484 ἀ
1663 2435 1899 2484 salvantur
1911 2442 1991 2502 qui
2015 2439 2139 2487 nulla
2153 2443 2312 2491 adhuc

89 2487 306 2535 fecerunt
319 2489 444 2535 bona
458 2502 602 2553 opera
616 2522 630 2546 ‚
666 2496 894 2554 potenter
904 2493 1102 2555 gratiam
1116 2495 1204 2542 Dei
1219 2497 1266 2547 ὅ(
1279 2497 1392 2547 fidei
1400 2497 1627 2561 justitiam
1643 2515 1807 2551 contra
1821 2519 1966 2568 opera
1987 2511 2308 2558 commendat.

87 2555 231 2617 Vnde
246 2555 293 2604 ὅ(
306 2554 473 2602 Paulus
487 2557 715 2620 proponit
736 2557 782 2604 in
801 2559 1075 2623 exemplum
1091 2561 1335 2615 eleffionis
1353 2566 1573 2615 Iacobum
1589 2568 1792 2618 ele&um
1817 2586 1925 2619 cum
1952 2575 2164 2621 nondum
2180 2577 2318 2640 quit-‘v

87 2637 229 2686 quam
244 2623 355 2669 boni
375 2622 447 2670 vel
464 2623 571 2670 mali
583 2622 776 2671 fecisset.
847 2624 1057 2676 Christus
1069 2629 1370 2682 vultadultos
1385 2636 1541 2698 pueris
1554 2636 1704 2686 similis
1716 2636 1817 2686 fieri
1831 2672 1844 2694 ,
1875 2654 1975 2687 non
1990 2655 2165 2705 pueros
2179 2643 2305 2692 aclul-

86 2692 144 2738 tis
158 2722 174 2747 ,
212 2690 516 2738 utintrentin
531 2704 729 2754 regnum
750 2690 1002 2742 coelorum.
2278 2741 2316 2762 ,ὅ

254 2757 539 2822 Qanquam
555 2766 715 2806 autem·
728 2757 871 2806 solam
895 2759 1037 2810 fidem
1062 2765 1120 2811 ad
1141 2764 1335 2814 salutem
1363 2768 1664 2819 necessariam
1689 2786 1748 2819 ex
1772 2771 1996 2836 scriptura
2021 2777 2304 2838 pronuncia·

80 2838 212 2879 πως,
250 2822 636 2874 &necessitatem
652 2840 852 2889 operum
868 2827 1272 2892 contrajustitiam
1288 2831 1402 2883 fidei
1423 2850 1484 2884 ex
1505 2837 1726 2902 opposito
1754 2840 2077 2891 introductam
2101 2858 2199 2891 non
2223 2845 2317 2899 adsi

80 2892 338 2947 mittimus,
370 2907 468 2940 non
484 2901 643 2940 tamen
659 2893 767 2940 ideo
778 2891 1014 2955 rejicimus
1030 2898 1156 2945 bona
1169 2914 1329 2962 opera.
2302 2938 2314 2967 ,ι

252 2957 470 3007 Fatemur
483 2976 630 3024 opera
645 2962 770 3008 bona
782 2959 923 3009 fidem
940 2964 1065 3028 sequi
1079 2966 1254 3012 debere
1266 2999 1282 3022 ‚
1314 2967 1416 3014 imo
1431 2983 1531 3018 non
1549 2971 1725 3018 debere
1737 3005 1751 3028 ,
1783 2972 1859 3020 sed
1879 2973 2047 3037 sponte
2060 2977 2188 3042 [equi
2202 3010 2238 3036 ,„
2250 2978 2312 3030 siv

42 3017 48 3029 “
78 3031 159 3085 cut
180 3025 319 3074 arbor
342 3026 465 3076 bona
480 3027 647 3092 sponte
664 3029 816 3078 bonos
830 3028 1008 3080 fruitus
1023 3030 1188 3165 facit&
1208 3031 1311 3164 fEtsi
1322 3034 1497 3101 absque
1512 3038 1736 3101 operibus
1748 3038 1866 3106 legis
1885 3038 2226 3161 'instificamftilcie
2213 3060 2300 3109 per

2230 3128 2296 3171 m·
