2554 3394
681 145 781 197 AD
817 144 1209 197 EPISTOLAM
1238 143 1839 205 HAMBURGENSIUM.
2280 163 2374 220 283

149 262 297 321 in‘illis
312 266 636 334 congresibuS,
676 265 824 313 immo
848 263 897 314 ὅ(
923 264 1136 329 quaedam
1153 263 1400 328 disciplinae
1424 263 1549 330 signa
1570 265 1756 316 necesse
1778 267 1869 329 est,
1907 270 1954 319 in
1977 271 2174 337 quibuS,
2211 271 2241 320 si
2265 274 2382 324 nihil

150 349 321 389 contra
342 337 559 386 mandata
575 334 661 380 Dei
684 331 942 380 institutum
960 331 1025 379 est
1040 366 1054 390 ,
1089 331 1148 378 de
1163 330 1366 396 gestibus
1382 332 1485 396 ipsis
1501 349 1601 382 non
1618 332 1709 382 esse
1724 339 2034 401 pugnandum
2047 368 2062 394 ‚
2103 340 2286 406 nosipsi
2300 341 2380 390 sci-

149 409 224 457 tis.
296 407 386 454 Sed
402 401 609 450 metuitis
626 403 670 449 in
688 400 894 462 generali
910 400 1060 448 verbo
1077 397 1286 457 insidias,
1321 414 1430 447 cum
1446 401 1644 450 dicimus
1671 418 1759 450 nos
1782 407 1842 452 de
1866 407 2149 471 Adiaphoris
2172 425 2271 456 non
2296 424 2384 474 pu-

148 488 361 539 gnamus.
433 470 649 516 Veniunt
671 456 835 515 eadem
854 468 1052 515 nobisin
1080 475 1296 514 mentem
1313 500 1326 524 ‚
1366 482 1468 532 quae
1493 485 1581 518 nos
1605 474 1867 535 prudenter
1890 476 2178 539 prospicitis:
2215 478 2273 525 Et
2295 491 2383 526 vo-

147 542 355 589 luntates
370 535 627 586 multorum
652 551 717 593 eo
740 533 976 601 specstant,
1013 534 1437 584 utinclinationem
1461 538 1518 584 ad
1535 553 1703 587 omnes
1716 539 1879 588 abusus
1894 540 2170 591 Pontificios
2186 545 2377 594 saciant.

146 609 239 656 Sed
256 616 417 655 tamen
432 620 540 653 cum
560 606 783 668 occupati
798 599 1055 665 majoribus
1071 603 1407 650 certaminibus
1421 603 1481 649 de
1495 607 1635 653 rebus
1651 605 1912 656 necessariis
1925 640 1939 664 ,
1980 611 2244 659 omittimus
2259 613 2380 660 rixas

147 676 206 723 de
230 671 526 738 adiaphoriS,
575 673 717 719 decet
740 672 893 718 bonos
917 672 1072 727 virOS,
1109 669 1187 733 qui
1211 671 1320 719 talia
1343 670 1525 735 legunt.
1597 675 1821 722 adhibere
1846 677 2185 724 dexteritatem
2209 680 2256 726 in
2281 680 2378 728 udi-

146 744 316 790 cando.
388 742 635 788 Vocamus
651 740 908 803 adiaphora
925 753 1023 793 non
1037 738 1246 799 magicas
1262 737 1663 797 consecrationes,
1679 758 1777 790 non
1789 742 2043 791 statuarum
2058 746 2379 805 adorationes,

141 825 240 857 non
254 807 746 870 circumgestationem
763 808 894 870 panis
909 814 989 852 aut
1007 804 1164 851 similia
1180 834 1192 856 ,
1220 822 1323 871 quae
1340 815 1504 871 aperte
1519 810 1805 858 damnantur
1819 827 1942 859 voce
1956 811 2110 860 nostra
2123 813 2171 862 δε
2186 813 2380 877 scriptis,

142 878 242 925 imo
258 892 317 924 ne
341 879 539 940 ineptias
555 876 746 939 quidem
761 882 814 920 ut
837 875 1061 920 excubias
1076 873 1133 919 ad
1150 871 1467 937 sepulchrum.
1539 875 1672 924 Talia
1688 879 1766 943 qui
1788 878 1862 927 vel
1878 880 2038 941 odiose
2058 890 2377 940 coacervant,

146 952 199 992 ut
220 960 307 992 nos
331 945 604 1006 exagitent,
642 941 715 989 vel
739 939 887 988 astute
912 940 1168 1004 colligunt,
1203 949 1257 996 ult
1283 941 1545 1007 pastoribus
1569 945 1757 993 duriora
1777 961 1923 995 onera
1946 948 2223 1012 imponant,
2260 946 2377 1013 inju-

143 1013 258 1059 riam
282 1011 420 1057 nobis
433 1009 640 1065 faciunt,
675 1008 821 1058 &suis
835 1006 1078 1056 affeffibus
1102 1024 1289 1057 morem
1314 1020 1504 1075 gerunt.
1575 1011 1680 1061 Alia
1695 1013 1840 1061 multa
1855 1015 2253 1079 suntadiaphora,
2276 1032 2380 1082 quae

144 1073 518 1141 &antiquissima
536 1075 735 1124 Ecclesia
758 1074 954 1124 instituit
975 1075 1023 1125 ὅ(
1042 1075 1100 1123 ad
1124 1079 1417 1126 concinnum
1435 1079 1652 1127 ordinem
1667 1114 1681 1137 ,
1719 1081 1768 1131 ὅ(
1793 1083 1851 1130 ad
1873 1082 2121 1131 docendos
2145 1085 2222 1131 seu
2246 1101 2380 1133 com·

142 1145 538 1193 monefaciendos
565 1145 778 1191 rudiores
803 1146 1082 1191 conducunt
1101 1177 1115 1200 ,
1152 1147 1342 1193 utordo
1358 1145 1614 1204 festorum,
1648 1147 1907 1198 leffionum
1924 1184 1938 1208 ,
1975 1150 2147 1217 publici
2163 1152 2379 1217 congres-

143 1212 214 1261 sus
228 1244 243 1273 ,
279 1213 498 1260 examina
515 1212 563 1261 ὃς
577 1211 808 1259 absolutio
823 1221 934 1259 ante
956 1212 1274 1276 sumptionem
1292 1214 1597 1276 sacramenti,
1634 1217 1749 1264 ritus
1772 1217 1934 1282 aliquis
1950 1219 2147 1284 publicae
2163 1223 2379 1285 peniten-

141 1280 216 1328 tiae
231 1313 244 1337 ,
284 1295 486 1327 examen
509 1280 556 1326 in
569 1277 935 1328 confirmatione
950 1313 963 1335 ,
999 1278 1185 1343 publica
1201 1282 1441 1329 ordinatio
1456 1283 1516 1330 ad
1529 1283 1835 1333 ministerium
1851 1286 2188 1352 Evangelicum
2205 1322 2218 1346 ‚
2257 1290 2376 1353 pub-

138 1346 638 1410 licaedesponsationes
665 1347 713 1394 ἀ
735 1349 1096 1409 precationesin
1117 1349 1320 1411 nuptiis,
1360 1350 1547 1397 honesti
1563 1355 1817 1400 comitatus
1840 1361 1920 1401 aut
1946 1357 2089 1402 etiam
2113 1359 2375 1405 conciones

140 1416 188 1462 in
209 1415 465 1462 funeribus.
534 1414 650 1461 Haec
666 1427 773 1458 cum
791 1412 1016 1478 pleraque
1031 1414 1077 1460 in
1093 1413 1172 1460 suo
1187 1414 1267 1460 usu
1284 1414 1371 1461 sint
1383 1418 1507 1481 apud
1524 1432 1611 1465 nos
1627 1418 1674 1467 ὅ(
1700 1419 1830 1467 bono
1847 1420 2039 1469 consilio
2063 1431 2251 1479 retenta
2274 1424 2377 1482 sint,

67 1531 75 1538 ‚
141 1497 233 1545 qua
254 1483 414 1527 fronte
430 1495 515 1527 nos
530 1481 687 1527 dicere
701 1490 974 1542 poteramus
988 1513 1002 1537 ,
1035 1495 1123 1528 nos
1140 1480 1265 1529 nulla
1279 1483 1541 1548 adiaphora
1555 1517 1568 1541 ,
1590 1484 1703 1533 nihil
1720 1486 1939 1536 usitatum
1955 1489 2230 1538 admissuros
2246 1490 2373 1542 effe?

140 1552 219 1596 An
235 1556 287 1594 ut
308 1546 361 1594 fit
376 1548 422 1593 in
448 1546 729 1594 faffionibus
753 1546 801 1595 &
826 1546 981 1595 studiis
1008 1549 1210 1611 partium
1226 1580 1240 1604 ‚
1280 1551 1394 1598 odio
1419 1551 1822 1611 adversariorum,
1859 1557 2002 1604 etiam
2026 1556 2136 1606 istos
2160 1558 2375 1607 vetustos

141 1629 330 1671 mores,
377 1620 698 1678 congruentes
722 1628 830 1661 cum
851 1613 1053 1662 Ecclesia
1083 1615 1172 1662 Dei
1192 1613 1303 1663 inde
1327 1617 1472 1683 usque
1495 1635 1521 1666 a
1547 1620 1708 1684 primis
1733 1623 2005 1685 parentibus
2025 1624 2373 1690 abjiceremus?

139 1683 269 1729 Sicut
285 1681 508 1745 Cynesias
526 1681 716 1745 quidam
742 1682 944 1729 Athenis
968 1680 1109 1730 festos
1133 1684 1231 1731 dies
1245 1687 1514 1734 contrarios
1538 1687 1702 1752 populi
1717 1691 2060 1740 consuetudine
2073 1693 2370 1743 celebrabat:

137 1750 195 1797 Et
210 1748 396 1797 Asiatici
420 1749 519 1797 sues
534 1746 824 1806 maestarunt,
856 1749 904 1798 ὅσ
919 1750 1212 1797 contrarium
1238 1753 1349 1798 anni
1373 1754 1558 1802 initium
1581 1754 1954 1816 constituerunt,
1988 1769 2040 1808 ut
2063 1759 2369 1812 ostenderent

139 1816 181 1864 se
197 1817 378 1880 prorsus
393 1815 571 1865 alienos
586 1814 676 1862 effe
688 1817 744 1863 ab
760 1815 988 1864 Isra'e'litis.
1062 1817 1245 1865 Scimus
1261 1851 1275 1876 ,
1313 1833 1373 1866 ne
1388 1835 1478 1868 nos
1495 1823 1686 1887 quidem
1702 1822 1845 1872 talem
1860 1828 2127 1876 novitatem
2143 1832 2362 1894 probare,

137 1885 185 1933 ὅ(
199 1892 477 1931 reverenter
501 1886 621 1931 tueri
634 1882 827 1932 vetustae
842 1884 1053 1932 Ecclesiae
1068 1885 1284 1933 ordinem
1301 1918 1315 1944 ,
1329 1889 1408 1952 qui
1423 1889 1556 1938 bono
1573 1889 1765 1940 confilio
1780 1891 2015 1944 institutus
2030 1895 2111 1948 est.
2166 1901 2237 1946 Ac
2253 1913 2366 1962 prae-

136 1953 262 2016 cipui
285 1952 398 1998 ritus
423 1953 468 1999 in
497 1950 659 1999 vestris
682 1965 736 1998 ac
758 1950 923 1999 nostris
955 1951 1168 2002 Ecclesiis
1212 1964 1488 2019 congruunt
1521 1959 1579 2006 ad
1608 1966 1823 2008 veterem
1865 1961 2100 2022 sormam,
2151 1981 2253 2030 quae
2284 1981 2365 2015 ex-

131 2017 219 2066 stat
248 2020 295 2066 in
330 2019 678 2083 Scriptoribus,
733 2019 813 2082 qui
842 2027 952 2068 ante
978 2019 1270 2086 Gregorium
1309 2023 1517 2073 fuerunt.
1615 2025 1880 2091 Disciplina:
1909 2030 2130 2080 severitas
2153 2032 2363 2098 aliquan-

134 2088 198 2134 do
214 2083 368 2149 major
381 2086 495 2143 fuit,
534 2085 818 2135 &exercitia
833 2091 1158 2153 temperantiae
1183 2087 1364 2153 majora
1384 2091 1608 2147 fuerunt,
1645 2109 1757 2158 quas
1782 2096 1895 2143 duas
1920 2112 1993 2145 res
2018 2115 2145 2148 nunc
2168 2116 2363 2167 quoque

132 2162 354 2219 optamus
380 2169 491 2201 cura
513 2152 604 2200 effe
625 2155 1019 2217 gubernatoribus
1039 2186 1055 2212 ‚
1103 2158 1183 2222 qui
1216 2161 1514 2208 ceremonias
1538 2162 1589 2212 ὅ(
1609 2163 1795 2210 umbras
1818 2164 2069 2229 disciplinae
2092 2168 2139 2215 in
2156 2168 2362 2232 speciem

129 2220 371 2269 restituere
386 2229 623 2269 conantur
636 2254 650 2276 ‚
684 2235 782 2269 non
804 2224 1039 2288 resipsas.'
1093 2225 1184 2273 Sed
1197 2226 1501 2290 reprehensio
1515 2229 1666 2278 vestra
1680 2260 1694 2284 ,
1731 2246 1828 2279 non
1844 2233 1904 2280 de
1918 2233 2007 2281 hac
2021 2235 2219 2284 honesta
2240 2252 2357 2286 con-

126 2289 371 2338 suetudine
384 2288 691 2337 Ecclesiarum
707 2288 967 2339 nostrarum
980 2291 1191 2358 loquitur
1203 2326 1217 2351 ,
1231 2293 1308 2341 sed
1323 2295 1382 2342 de
1396 2302 1695 2360 quorundam
1710 2299 1984 2363 ineptorum
2001 2303 2175 2351 rituum
2190 2304 2355 2354 instau-

129 2358 314 2404 ratione
327 2386 340 2410 ,
374 2371 475 2421 quae
490 2355 586 2405 fieri
602 2373 626 2403 a
641 2358 918 2421 potentibus
939 2360 1154 2419 videtur,
1187 2368 1241 2409 ut
1256 2361 1481 2425 paulatim
1494 2363 1795 2414 restituantur
1806 2382 1975 2417 omnes
1989 2369 2354 2434 superstitione&

129 2423 218 2471 Hic
234 2422 457 2472 mollities
473 2422 629 2472 nostra
649 2425 913 2483 accusatur,
951 2429 1080 2493 quod
1094 2444 1191 2477 non
1205 2429 1539 2479 vehementius
1555 2433 1879 2491 adversamur,
1913 2439 2044 2500 quod
2060 2438 2226 2490 alicubi
2241 2456 2353 2490 con·

128 2490 464 2548 silium-damus
492 2490 757 2539 Pastoribus
781 2525 795 2549 ,
842 2508 902 2541 ne
925 2495 1176 2544 Ecclesiam
1199 2497 1444 2556 deserant,
1490 2508 1692 2565 propter
1711 2502 1834 2550 hanc
1860 2518 2036 2553 novam
2061 2506 2353 2558 servitutem.

127 2559 179 2606 In
193 2560 374 2606 ditione
391 2560 681 2607 Marchionis
705 2559 885 2609 Alberti
898 2563 1000 2610 aula
1012 2564 1213 2628 primum
1229 2567 1430 2630 petivit,
1465 2576 1518 2615 ut
1531 2566 1746 2618 Pastores
1762 2578 1919 2618 totum
1937 2571 2102 2621 librum
2120 2576 2351 2640 Augusta·

125 2641 239 2673 num
264 2624 665 2690 ample&erentur
685 2626 733 2676 ὅ(
753 2627 1073 2692 sequerentur.
1143 2631 1228 2681 Pio
1243 2633 1470 2681 consensu
1495 2634 1797 2696 Nobilitatis,
1836 2639 2010 2686 civium
2033 2640 2079 2690 ὅ(
2106 2641 2349 2694 Pastorum

123 2693 334 2741 modeste
355 2692 479 2741 sa&a
493 2692 558 2740 est
580 2694 825 2742 recusatio.
896 2697 1119 2747 Decurrit
1139 2715 1256 2765 ergo
1271 2700 1373 2747 aula
1395 2702 1453 2749 ad
1467 2700 1589 2751 aliud
1613 2705 1854 2753 confilium
1869 2740 1883 2763 ,
1919 2710 2149 2771 proponit
2171 2712 2349 2761 articu-

121 2759 191 2808 los
206 2793 220 2817 ,
258 2762 335 2825 qui
350 2759 614 2809 dostrinam
631 2762 675 2811 ὅ(
692 2761 1038 2827 liturgiamnon
1055 2775 1271 2826 mutant,
1306 2767 1469 2833 &plus
1482 2771 1656 2819 rituum
1671 2772 1952 2838 imponunt,
2003 2776 2083 2841 qui
2099 2785 2344 2845 utcunque

122 2826 528 2892 toleraripossunt.
599 2831 803 2878 Additur
816 2833 1157 2893 comminatio,
1183 2843 1264 2892 ut,
1286 2836 1364 2899 qui
1377 2837 1731 2888 hancnormam
1748 2842 1874 2906 sequi
1891 2841 2336 2900 nolint‚di'scedant.

121 2893 210 2942 Etsi
225 2893 357 2943 multi
369 2894 579 2944 Pastores
598 2897 833 2946 discedere
856 2899 1123 2958 malebant,
1161 2910 1324 2949 tamen
1337 2902 1546 2954 Ecclesiae
1561 2908 1792 2972 petebant
1803 2909 2213 2961 nedesererentur.
2249 2914 2344 2962 Ta·

119 2960 149 3009 li
171 2968 389 3026 tempore
409 2964 521 3028 quid
535 2963 708 3012 consilii
722 2966 925 3014 dandum
942 2967 1058 3017 fuit?
1095 2969 1409 3033 Respondent
1419 2971 1559 3038 aliqui
1573 2972 2341 3047 vehementioreS,atrociscripto

118 3029 597 3093 perterrefaciendam
623 3030 756 3081 fuisse
772 3033 924 3083 aulam
947 3042 1080 3086 metu
1103 3035 1339 3085 seditionis
1361 3069 1376 3095 ,
1414 3039 1464 3094 ἀ
1485 3037 1580 3093 hac
1603 3040 1838 3108 Gor-gone
1864 3047 2214 3112 reprimendam
2230 3082 2245 3107 ,
2277 3063 2340 3098 ne

1202 3101 1259 3166 Ὦ
1282 3114 1312 3161 n
1340 3120 1371 3157 2
1780 3178 1787 3179 ἶ
2217 3118 2336 3184 quid
