2554 3394
232 210 349 277 '198
799 203 1113 270 Ἁεθᾶηεηῦβ
1142 206 1227 260 ber
1251 185 1477 263 zzircben
1508 219 1568 270 31⁸
1592 206 1877 276 hamburgi.
2526 173 2550 286 Ξ

255 332 341 382 Per
356 327 489 392 ipfius
502 325 859 373 misericordiam
875 358 889 382 ‚
924 327 1003 388 qui
1018 326 1159 389 igitur
1174 325 1488 388 promittente
1511 326 1616 374 Deo
1640 330 1818 382 credit.
1854 325 2081 393 &quisentit
2094 326 2448 377 eumeffe'vera·

245 397 362 441 'cem
378 427 390 451 ,
427 393 474 440 ὅ(
489 389 577 437 effe
594 391 899 455 praestiturum
916 393 1136 455 quicquid
1151 391 1453 454 promiserit5‘
1474 392 1550 439 hic
1566 392 1629 439 est
1640 392 1800 455 justus,
1817 395 1896 441 seu
1906 394 2318 460 reputaturjustus.
2343 404 2347 408 ·
2531 442 2534 444 ,

418 458 663 520 Scripturae
677 458 995 506 testimonium
1007 459 1084 506 hic
1098 457 1274 505 clarum
1289 457 1667 516 &indubitatum
1680 458 1761 515 est,
1784 462 1914 522 quod
1937 463 2043 511 fidei
2057 465 2312 528 imputatur
2324 459 2449 524 justi-
2530 452 2545 521 ’ζ

250 525 312 572 tia
324 554 337 577 ‚
374 525 469 571 hoc
483 523 548 570 est
559 558 572 582 ‚
594 527 721 588 quod
734 527 838 572 Deo
853 526 1048 572 credens
1061 520 1300 572 Abraham
1314 532 1559 588 reputatur
1572 541 1597 572 a
1613 523 1887 588 Deojustus.
1953 530 2220 578 Retinenda
2231 530 2374 593 igitur
2385 529 2450 576 di-

248 590 430 639 stine'tio
443 591 544 638 haec
557 591 623 639 est
637 625 650 647 ,
674 593 800 656 quod
816 590 928 639 fides
944 625 958 651 ,
978 607 1078 656 quae
1093 592 1191 657 agit
1203 606 1310 640 cum
1323 592 1429 639 Deo
1445 593 1759 656 promittente
1772 625 1787 651 ,
1824 592 1873 642 ὅ(
1888 589 1985 656 ejus
2005 593 2359 658 promissionem
2372 610 2452 643 ac·
2501 632 2509 639 .

249 660 381 724 cipit,
399 659 499 705 haec
514 657 603 706 sola
617 656 854 721 justifica&

271 745 273 747 ·
418 723 595 789 Justitia
615 723 771 772 nostra
794 741 893 772 non
914 723 1000 773 stat
1021 724 1070 772 in
1093 725 1200 791 lege
1223 727 1272 777 ὅ(
1289 726 1536 792 operibUS,
1557 725 1666 790 quia
1687 726 1844 790 Iegem
1858 742 1957 776 non
1977 724 2216 790 possumus
2239 726 2452 792 perfecte

229 792 406 840 -facere
422 822 434 845 ,
471 792 606 839 sedin
618 789 921 856 promiffione
937 823 950 848 ,
979 808 1080 856 quae
1102 792 1610 843 firma&immutabilis
1633 792 1713 841 est.
1745 795 2039 858 Itaquecum
2065 808 2173 840 eum
2189 792 2471 858 apprehen-·

249 862 330 907 dat
344 859 454 906 fides
469 866 596 906 certa
609 858 688 916 fit,
721 859 771 908 ὃς
794 859 1016 924 impletur
1036 894 1050 918 ,
1086 862 1134 912 ὃς
1148 862 1350 926 sequitur
1363 859 1588 910 infallibili
1601 860 1953 926 consequentia,
1991 862 2098 926 quia
2111 860 2205 908 sola
2218 860 2330 910 fides
2345 876 2454 928 pro·
2526 880 2527 884 ¹

224 937 229 941 ’
248 924 510 977 mistionem
524 925 822 991 ampleffltur
834 959 848 984 ‚
886 929 1015 990 quod
1030 928 1121 976 sola
1134 928 1249 976 fides
1260 925 1492 992 justificet.

417 1013 533 1061 Haec
546 1012 816 1077 Theologia
830 1028 947 1066 non,
982 1021 1034 1060 ut
1050 1013 1309 1078 blasphemi
1325 1012 1510 1077 papistae
1535 1012 1768 1070 clamant,
1803 1012 2051 1061 nobiscum
2065 1020 2192 1070 nata,
2222 1019 2302 1060 aut
2320 1010 2348 1058 εὶ
2369 1027 2454 1060 no-

250 1082 316 1130 bis
330 1082 388 1128 e'x
399 1081 607 1143 cogitata
621 1089 701 1127 aut
712 1081 908 1127 inventa
918 1079 1000 1132 est0
1046 1081 1089 1128 T
1092 1084 1211 1130 radit
1226 1097 1331 1128 eam
1343 1082 1400 1128 D.
1413 1081 1580 1129 Paulus
1595 1082 1643 1130 &
1656 1082 1772 1128 citat
1784 1080 1883 1144 ejus
1898 1079 2065 1134 testem
2081 1080 2266 1136 Mosen,
2293 1080 2371 1144 qui
2384 1080 2456 1127 di·

248 1150 313 1196 cit
327 1149 642 1196 Abrahamum
658 1145 898 1195 credidiffe
911 1148 1013 1195 Deo
1029 1181 1042 1205 ‚
1079 1150 1127 1198 &
1140 1150 1237 1196 hoc
1251 1149 1292 1195 ei
1307 1156 1579 1213 reputatum
1595 1149 1652 1195 ad
1664 1144 1915 1211 justitiam3
1944 1148 2041 1194 hoc
2067 1146 2156 1204 est,
2182 1154 2456 1211 reputatum

245 1212 768 1278 Abrahamumjustum,
805 1214 1054 1262 miserente
1075 1218 1197 1273 Deo,
1233 1231 1341 1263 cum
1356 1217 1573 1266 crederet
1603 1211 1914 1280 promissioni.
1982 1213 2133 1263 Porro
2165 1215 2318 1261 omnis
2347 1229 2456 1277 pro·

246 1280 398 1330 miffio
414 1283 503 1330 Dei
521 1281 717 1329 includit
731 1280 968 1329 Christum
983 1315 998 1338 ‚
1032 1283 1060 1329 si
1077 1286 1208 1332 enim
1220 1285 1393 1346 absque
1406 1284 1671 1330 mediatore
1685 1282 1737 1329 fit
1750 1316 1764 1339 ,
1795 1283 1921 1329 Deus
1946 1277 2058 1330 nihil
2084 1283 2326 1330 nobiscum
2342 1282 2454 1345 agit.

247 1348 526 1397 Differentia
539 1351 676 1411 igitur
689 1345 1248 1400 fideiAbrahae&nostrae
1263 1350 1387 1396 nulla
1404 1350 1488 1396 alia
1521 1349 1615 1415 est,
1642 1349 1723 1395 nifi
1754 1351 1883 1411 quod
1910 1345 2149 1396 Abraham
2184 1348 2382 1396 credidit
2405 1349 2454 1395 in
2516 1368 2520 1374 ·

249 1414 503 1463 CHristum
540 1416 890 1473 exhibendum,
922 1430 1010 1463 nos
1023 1419 1257 1466 credimus
1285 1416 1334 1464 in
1363 1412 1626 1466 exhibitum
1651 1413 1752 1478 jam
1777 1444 1792 1469 ‚
1841 1415 1890 1464 ὅ(
1922 1413 1998 1463 illa
2030 1413 2122 1462 fide
2151 1412 2454 1478 justificamur

250 1497 432 1536 omnes.

2327 294 2445 307 ‘an—nu·

489 1631 493 1635 ι
1125 1565 1182 1612 In
1216 1579 1293 1613 20.
1316 1564 1428 1626 Cap.
1457 1562 1593 1610 Gene.

418 1649 602 1698 Deinde
624 1652 802 1696 certam
828 1646 956 1712 spem
981 1646 1129 1695 habet
1152 1648 1198 1695 in
1213 1644 1389 1710 justitia
1415 1644 1534 1701 Dei,
1566 1643 1661 1689 hoc
1680 1639 1771 1695 est,
1800 1641 1847 1689 in
1870 1640 2186 1692 misericordia
2207 1638 2323 1707 ejuS.

893 1769 971 1819 IN
1013 1766 1391 1817 EPISTOLAM
1440 1765 1537 1815 AD
1595 1763 1820 1813 GALAT.

417 1853 653 1904 Articulus
678 1861 837 1902 autem
853 1851 1215 1918 justificationis,
1250 1855 1329 1918 qui
1353 1851 1418 1899 est
1443 1852 1632 1899 unicum
1646 1848 1902 1915 praesidium
1926 1846 2150 1901 nostrum,
2182 1862 2280 1894 non
2307 1847 2455 1897 solum
2552 1849 2554 1916 l

247 1929 418 1972 contra
443 1938 610 1970 omnes
631 1923 754 1971 vires
773 1923 820 1972 ὅ(
841 1921 977 1969 dolos
992 1918 1241 1970 hominum
1255 1951 1268 1974 ,
1301 1920 1376 1969 sed
1391 1922 1532 1967 etiam
1552 1927 1718 1965 contra
1737 1923 1897 1982 portas
1911 1917 2191 1973 inferorum,
2205 1916 2242 1963 is
2255 1914 2337 1970 est,
2363 1906 2459 1964 sola
2552 1920 2554 1979 l

248 1989 341 2039 fide
356 1991 402 2038 in
416 1989 666 2038 CHristum
681 1989 771 2037 fine
786 1991 1005 2052 operibus
1022 2004 1108 2035 nos
1121 1988 1420 2053 pronunciari
1429 1985 1580 2050 justos
1595 1986 1641 2034 ὅ(
1659 1983 1833 2035 salvari.

421 2057 494 2106 Est
506 2060 664 2121 itaque
678 2056 940 2106 Christiana
944 2054 1119 2119 justitia
1134 2056 1383 2120 imputatio
1400 2054 1555 2101 divina
1570 2049 1854 2117 projustitia‚
1868 2047 1945 2098 vel
1959 2049 2016 2096 ad
2021 2045 2244 2111 justitiam
2259 2056 2458 2114 propter

252 2122 394 2173 fidem
411 2125 456 2172 in
471 2123 728 2181 Christum,
752 2124 828 2173 vel
843 2132 1040 2188 propter
1054 2123 1309 2171 Christum.
1347 2122 1461 2169 Non
1477 2128 1635 2167 autem
1648 2120 1875 2167 estinanis
1891 2116 2164 2181 speculatio,
2182 2118 2303 2165 tradi
2316 2117 2457 2166 Chri-

249 2191 367 2239 stum
381 2207 468 2256 pro
483 2193 691 2254 peccatis
705 2193 839 2247 meis,
857 2190 903 2240 <Sc
917 2190 1017 2238 fieri
1032 2190 1331 2239 maledietum
1347 2205 1432 2254 pro
1449 2203 1542 2244 me,
1585 2196 1636 2234 ut
1657 2187 1826 2251 eripiar
1848 2201 1907 2232 ex
1933 2191 2087 2230 morte
2109 2192 2299 2233 aeterna.
2371 2185 2457 2232 lta-

250 2274 344 2324 que
369 2255 726 2324 apprehendere
753 2258 880 2306 illum
906 2257 1051 2305 filium
1074 2258 1183 2307 &in
1199 2260 1345 2305 corde
1368 2258 1414 2304 in
1441 2256 1568 2303 illum
1594 2254 1788 2302 credere
1809 2254 1962 2317 (quod
1982 2252 2161 2297 donum
2178 2249 2366 2312 Deiest)
2390 2251 2457 2298 fa-

249 2327 333 2385 cit,
358 2328 487 2392 quod
510 2327 636 2373 Deus
649 2334 841 2390 reputet
854 2325 976 2373 illam
992 2323 1132 2372 fidem
1145 2358 1162 2379 ,
1200 2325 1313 2373 licet
1327 2321 1655 2388 imperfeRam
1671 2355 1684 2378 ‚
1723 2319 1995 2386 projustitia
2010 2315 2234 2382 perfeeta.

450 2394 518 2441 Ex
532 2393 602 2441 his
614 2401 748 2458 patet
760 2427 777 2447 ,
807 2392 1053 2459 quomodo
1067 2391 1180 2439 fides
1195 2392 1286 2439 fine
1302 2388 1780 2454 operibusjustificet,
1800 2389 1848 2436 ὃς
1863 2385 2111 2452 quomodo
2127 2393 2286 2433 tamen
2299 2384 2457 2433 neces-

249 2461 361 2509 saria
374 2459 914 2524 fitimputatiojustitiae,
949 2467 1145 2524 peccata
1169 2461 1215 2508 in
1234 2460 1369 2508 nobis
1394 2465 1616 2513 manent,
1654 2470 1754 2521 quae
1780 2456 1905 2502 Deus
1930 2453 2135 2500 maxime
2160 2453 2276 2501 odit.
2341 2453 2453 2500 Ideo

248 2535 446 2592 propter
460 2527 534 2576 illa
548 2535 744 2593 oportet
757 2525 1032 2576 noshabere
1063 2528 1429 2591 imputationem
1460 2523 1673 2588 justitiae,
1705 2538 1805 2587 quae
1821 2522 1958 2571 nobis
1991 2521 2229 2585 contingit
2256 2524 2454 2585 propter

251 2593 500 2645 CHristum
513 2624 529 2652 ,
564 2595 643 2660 qui
665 2595 803 2645 nobis
816 2597 950 2644 datus
963 2627 978 2654 ‚
1015 2594 1064 2645 &
1075 2611 1101 2642 a
1112 2596 1246 2644 nobis
1259 2595 1353 2641 fide
1370 2590 1688 2658 apprehensus
1701 2589 1781 2638 est.
2409 2594 2437 2618 '·

1132 2698 1190 2746 In
1227 2693 1365 2761 Esaia
1398 2696 1508 2760 Cap.
1540 2695 1652 2749 60.-

421 2781 599 2847 Justitia
622 2798 784 2831 coram
808 2783 915 2832 Deo
938 2782 1021 2840 est,
1044 2798 1143 2831 non
1173 2782 1267 2830 hoc
1301 2779 1379 2829 vel
1421 2779 1531 2827 illud
1568 2779 1725 2826 facere
1749 2783 1830 2824 aut
1851 2774 1973 2840 pati,
2007 2773 2082 2821 sed
2102 2770 2348 2821 illuminari
2368 2786 2458 2843 per,

250 2846 503 2899 CHristum
528 2851 689 2916 JEsum
716 2880 730 2906 ‚
763 2852 820 2899 Et
841 2851 1099 2916 agnoscere
1122 2859 1266 2914 atque
1292 2848 1435 2914 scire,
1464 2847 1594 2911 quod
1617 2845 1669 2893 sit
1689 2842 1887 2893 salvator
1898 2839 2076 2895 noster,
2097 2840 2177 2902 qui
2202 2839 2277 2887 sua
2296 2847 2452 2888 morte

251 2931 339 2964 nos
357 2917 384 2963 a
396 2925 551 2965 morte
564 2918 612 2967 <Sc
624 2920 829 2983 peccatis
842 2919 1115 2969 redemerit,
1183 2917 1298 2965 Haec
1305 2912 1481 2979 justitia
1494 2915 1541 2961 in
1555 2914 1702 2961 verbo
1717 2909 1914 2983 offertur
1926 2906 1974 2955 ὅ(
1987 2904 2078 2953 sola
2103 2905 2193 2954 fide
2206 2906 2451 2979 accipitur,

256 2996 357 3045 quae
371 2999 395 3031 a
409 2984 601 3034 sentitur
614 2986 764 3035 verbo
779 2987 826 3036 ὅ(
839 2987 988 3034 credit
1001 2986 1043 3034 se
1048 2983 1222 3049 justum
1234 2982 1325 3032 effe
1339 2990 1494 3030 morte
1508 2980 1554 3029 ἀ
1568 2979 1739 3028 merito
1751 2971 1967 3023 CHnsto.

419 3070 608 3121 fiducia
629 3073 795 3123 mortis
823 3071 1038 3131 CHristi,
1068 3074 1296 3123 debemus
1314 3065 1779 3121 sentire&c0nfiteri
1791 3076 1880 3113 nos
1884 3058 2035 3126 justos
2050 3058 2157 3111 effe.
2227 3060 2344 3110 Haec
2366 3059 2451 3176 ἰέξ
