2554 3394
221 173 286 226 ,28
287 181 321 231 4
823 156 907 208 WI
907 156 947 207 T
957 154 1362 211 TEBERGENSI
1364 159 1471 213 ΠΜ
1494 163 1839 217 RESPONSIO

1415 243 2257 262 Ἣ

165 287 168 288 ’
221 275 333 340 quid
345 275 392 322 iri
405 271 611 320 Ecclefiis
624 273 847 316 mutaret.
914 268 964 314 Id
977 268 1005 315 fi
1018 268 1279 318 faceremus
1293 277 1438 335 magis
1452 274 1745 326 irritarentur
1758 280 1929 326 inimici
1946 314 1960 337 ,
1994 281 2069 343 qui
2087 280 2251 328 nolunt
2267 280 2419 336 sibile·

221 357 304 406 ges
317 359 342 388 a
356 339 490 387 nobis
503 337 636 389 ferri,
675 335 888 382 dicerent
902 334 1043 382 etiam
1058 336 1165 383 talia
1187 338 1352 401 scripta
1365 338 1456 385 effe
1474 338 1681 400 classica,
1719 346 1881 406 quibus
1895 353 2129 394 exercitus
2150 347 2339 394 Caesaris
2352 354 2421 394 at·

221 409 447 456 trahatur.
517 404 622 450 Nec
636 402 780 449 editio
803 401 962 448 talium
985 402 1263 466 scriptorum
1279 409 1635 453 concederetur.
1710 410 1882 457 Damus
1906 414 2045 475 igitur
2068 412 2308 460 confilium
2334 413 2420 461 miss-

150 525 152 529 ,
217 490 305 522 nus
320 474 606 526 vehem-ens,
643 469 721 516 fed
735 468 944 515 Ecclefiis
962 469 1269 518 necessarium
1286 501 1299 522 ,
1337 487 1396 518 ne
1411 473 1647 522 discedant
1668 473 1878 523 Pastores
1894 509 1909 533 ‚
1943 485 2051 527 utin
2065 478 2224 527 Suev'is
2250 479 2422 526 accidit

217 539 358 588 ubiin
371 537 527 585 multis
543 531 831 600 templisjam
849 537 1028 598 prorsus
1047 536 1244 585 solitudo
1267 537 1358 592 est,
1385 548 1465 586 aut
1483 540 1576 604 lupi
1592 538 1684 603 jam
1711 542 1937 605 praesunt,
1971 547 2047 608 qui
2063 546 2421 594 destrinamim-

216 609 342 672 piam
364 603 550 654 &falsas
572 603 901 650 invocationes
917 602 1176 653 restituunt.
1253 607 1297 652 Si
1314 605 1390 652 tali
1408 615 1626 671 tempore
1649 610 1742 655 hoc
1766 609 1972 657 nostrum
1995 612 2236 659 confilium
2259 626 2422 676 repre-

217 674 385 721 hendit
399 674 444 718 id
458 672 633 733 ignosci
647 670 782 715 nobis
797 669 1000 733 petimus
1015 705 1028 727 ,
1044 687 1131 718 nec
1156 681 1407 736 propterea
1424 678 1511 721 n'os
1526 677 1760 728 damnari,
1785 680 1862 740 qui
1878 692 2051 724 vocem
2064 679 2300 741 Evangelii
2313 692 2420 726 ean·

219 742 330 787 dem
342 738 582 787 vobiscum
607 736 850 787 sonamus,
891 737 938 785 ὅ(
952 737 1206 802 aliquando
1222 743 1469 804 propiores
1485 743 1692 805 periculo
1714 743 1862 789 sumus
1877 775 1892 797 ‚
1925 759 2064 807 quam
2087 759 2172 791 vos
2189 744 2265 807 qui
2279 745 2419 791 habe-

215 808 275 856 tis
290 808 525 853 auditores
549 805 778 868 aequiores
792 822 806 850 ι
845 805 900 851 Et
914 820 1074 851 coram
1092 806 1246 870 plures
1271 823 1437 871 graves
1461 809 1616 855 causas
1641 812 1797 857 dicere
1815 809 2048 873 possemus
2062 844 2076 867 ‚
2113 826 2196 858 cur
2210 812 2305 857 hoc
2320 824 2419 857 mo-

220 875 422 922 deratius
439 871 680 919 confilium
704 871 860 919 utilius
883 870 973 918 effe
986 869 1264 935 judicemur.
1341 875 1459 940 Qae
1473 891 1546 923 res
1561 877 1845 923 adversarios
1870 879 2119 924 armaverit
2132 885 2299 923 contra
2320 891 2424 933 nos,

217 942 268 991 ὅ(
291 940 530 988 audacia-m
545 954 600 986 ac
613 941 880 1002 potentiam
893 954 1059 986 corum
1082 939 1434 990 confirmaverit
1447 976 1462 997 ,
1491 942 1685 1006 longum
1702 942 1767 989 est
1780 945 1935 990 dicere
1947 977 1962 999 ,
1999 945 2046 992 δε
2061 959 2160 990 non
2183 943 2247 990 est
2263 955 2424 995 Επιςο-

218 1002 344 1058 >undu
367 1017 419 1054 ut
432 1004 565 1053 Arist.
590 1007 745 1053 dicere
761 1004 954 1053 solebat.
1024 1007 1079 1054 Et
1093 1016 1252 1055 tamen
1271 1008 1533 1057 Helveticae
1547 1009 1845 1057 dissensiones
1859 1011 1905 1059 ὅ(
1928 1007 2244 1058 dissimilitudo
2265 1009 2421 1058 Eccle-

217 1077 380 1124 siarum
395 1075 614 1123 videntur
636 1065 843 1140 ἀφορμαὶ
861 1072 991 1120 fuifle
1005 1074 1424 1137 gubernatoribus,
1459 1086 1508 1123 ut
1530 1093 1703 1125 novam
1717 1079 1919 1125 sormam
1941 1085 2286 1142 proponorent.
2358 1076 2427 1124 Ut

216 1145 357 1208 igitur
372 1143 493 1189 clare
515 1155 639 1187 cerni
655 1138 795 1204 poffit
808 1173 826 1197 a·
855 1156 943 1188 nos
957 1157 1054 1187 non
1068 1142 1325 1206 cupiditate
1341 1143 1589 1201 libertatis,
1628 1160 1724 1191 non
1739 1144 1888 1192 studio
1905 1145 2153 1196 novitatis,
2193 1159 2292 1192 non
2307 1144 2422 1191 odio
2486 1165 2498 1169 -
2526 1140 2529 1142 ’

217 1207 432 1259 diffidere
447 1210 505 1255 ab
519 1207 786 1256 adversari-is
804 1241 817 1265 ,
855 1208 914 1253 de
932 1209 1113 1272 magnis
1127 1211 1264 1256 rebus
1288 1225 1552 1274 pugnamus
1578 1212 1624 1258 in
1640 1214 1805 1275 quibus
1829 1211 2065 1260 evidentia
2080 1211 2287 1267 veritatis
2306 1225 2425 1258 con-

215 1278 368 1326 vincit
382 1277 583 1324 saniores
595 1275 736 1322 etiam
751 1276 1119 1326 interinimicos.
1189 1277 1238 1323 Id
1255 1274 1519 1339 judicamus
1544 1278 1698 1325 utilius
1714 1277 1830 1334 effe,
1861 1294 2000 1342 quam
2024 1279 2085 1325 de
2106 1276 2423 1326 vestitu&re-

215 1343 344 1393 fimili
358 1343 519 1395 rixa-ri,
553 1344 631 1389 ubi
648 1343 873 1406 sapientes
889 1341 1157 1398 clamitant,
1194 1359 1282 1389 nos
1299 1349 1483 1390 tantum
1497 1343 1630 1391 stulta
1644 1345 1915 1391 morofitate
1935 1353 2014 1391 aut
2026 1344 2327 1391 contumacia
2340 1344 2418 1390 ad·
2467 1349 2477 1381 ’-

218 1411 389 1462 versari
404 1411 792 1473 gubernatoribus
808 1439 822 1463 ‚
856 1406 978 1453 alere
994 1404 1195 1462 diffidia,
1221 1409 1457 1454 attrahere
1481 1411 1749 1471 peregrinas
1761 1417 1943 1472 gentes.
2008 1410 2141 1466 Talia
2152 1409 2299 1455 multa
2311 1424 2420 1456 cum

218 1476 488 1533 audiamus,
526 1475 708 1538 opponi
724 1473 962 1521 nonleves
984 1472 1139 1519 causas
1164 1472 1347 1520 necesse
1360 1473 1449 1529 est,
1481 1475 1618 1521 vobis
1643 1477 1688 1520 in
1709 1475 1944 1521 auditorio
1968 1474 2123 1522 vestro
2139 1476 2297 1521 omnia
2310 1472 2421 1521 faci-

220 1544 338 1595 }iora
353 1544 479 1600 sunt,
517 1541 565 1590 ὃ(
588 1539 1065 1588 vestramlibertatern
1087 1538 1223 1585 vobis
1244 1540 1546 1600 gratulamur.
1616 1539 1812 1601 Semper
1833 1547 1992 1585 autem
2014 1539 2166 1601 aliqua
2179 1538 2243 1585 est
2266 1539 2425 1586 Eccle-

226 1602 287 1662 fia
302 1612 522 1665 servitus,
558 1606 864 1661 alibimitior,
887 1605 989 1652 alibi
1008 1605 1193 1660 durior,
1230 1604 1427 1652 acleniri
1442 1618 1669 1651 aerumnas
1684 1604 1912 1653 servitutis
1928 1604 2426 1653 vestraconsolatione

222 1683 364 1729 decet
378 1708 389 1729 ‚
411 1692 509 1723 non
525 1688 696 1737 augere
711 1672 1112 1721 condemnatione
1126 1704 1141 1727 ‚
1171 1685 1278 1718 cum
1299 1673 1489 1735 quidem
1505 1672 1685 1734 prorsus
1710 1673 1909 1720 eandem
1922 1671 2161 1735 Evangelii
2174 1686 2342 1721 vocem
2358 1672 2426 1719 so-

220 1760 388 1795 nemus
402 1777 416 1800 ‚
450 1742 594 1789 studia
606 1741 830 1790 dot'rrinae
844 1740 1056 1787 omniurn
1070 1738 1235 1786 artium
1252 1772 1267 1796 ‚
1305 1753 1405 1803 quae
1419 1738 1631 1787 Ecclefiae
1654 1738 1790 1787 utiles
1806 1738 1938 1796 sunt,
1972 1736 2306 1802 adjuvemus&
2324 1739 2426 1787 scri-

218 1823 303 1882 pta
313 1813 439 1861 utilia
464 1813 671 1859 edamus.

392 1892 718 1942 Conco-rdiam
739 1890 1011 1956 igiturinter
1025 1903 1110 1936 nos
1125 1888 1173 1937 &
1186 1894 1395 1935 mutuam
1410 1887 1796 1937 benevolentiam
1821 1895 2063 1944 tueamur,
2101 1903 2162 1936 ne
2181 1887 2427 1937 invocatio

216 1965 267 2014 in
291 1964 433 2011 nob-is.
451 1969 533 2007 aut
554 1961 603 2006 in
638 1961 818 2024 populo
841 1958 1082 2013 turbetur,
1115 1971 1240 2003 neve
1265 1954 1410 2003 tristes
1435 1955 1766 2020 &perniciosae
1788 1956 2109 2004 dubitationes
2132 1957 2342 2002 oriantur
2360 1966 2421 2003 ex

222 2029 549 2097 quaestionibus
566 2043 662 2074 non
687 2024 976 2080 neceffariis‚
1011 2032 1063 2071 ut
1076 2022 1187 2070 olim
1208 2025 1266 2070 de
1291 2023 1510 2087 paschate
1523 2023 1708 2071 accidit.
1780 2023 1843 2070 Illi
1861 2024 2025 2085 quibus
2039 2021 2246 2085 potestas
2269 2025 2424 2078 minus

223 2116 283 2148 ex
295 2100 454 2163 p-edita
480 2094 571 2151 est,
611 2103 752 2158 agant
772 2094 876 2139 Deo
898 2091 1068 2155 gratias
1084 2120 1097 2143 ‚
1133 2090 1180 2139 &
1204 2091 1279 2155 pie
1307 2097 1496 2137 utantur
1510 2105 1563 2136 ea
1584 2092 1639 2136 ad
1664 2088 2261 2147 illustrandamdofitrinam
2277 2118 2291 2143 ,
2331 2103 2423 2137 nec

224 2163 642 2229 disciplinaesrenos
666 2158 1002 2223 magislaxent.
1071 2157 1161 2204 Alii
1182 2158 1227 2203 in
1252 2157 1473 2206 servitute
1488 2161 1744 2220 agnoscant
1765 2173 1850 2203 nos
1864 2156 2071 2222 castigari
2088 2157 2336 2212 divinitus,
2372 2156 2422 2206 ὅ(

221 2248 382 2285 veram
399 2231 483 2278 Dei
505 2223 860 2276 invocationem
889 2225 1127 2288 corrumpi
1143 2240 1238 2270 non
1252 2223 1424 2276 sinant,
1462 2223 1576 2270 ficut
1592 2224 1808 2288 scriptum
1825 2223 1901 2270 est.
1975 2224 2089 2270 Haec
2104 2225 2262 2271 omnia
2274 2237 2420 2270 vene-

220 2309 332 2351 runt
353 2299 482 2362 supra
498 2311 585 2344 nos
600 2310 689 2342 nec
703 2293 1000 2341 obliti.sumus
1015 2301 1078 2339 te.
1151 2292 1253 2337 Nos
1270 2307 1368 2338 non
1383 2291 1531 2339 sumus
1546 2291 1747 2338 suasores
1761 2300 1812 2338 ut
1825 2288 2033 2338 Ecclefiae
2046 2292 2316 2346 turbentur,
2331 2303 2422 2337 nec

224 2373 272 2419 in
286 2368 468 2416 minore
491 2364 655 2411 dolore
671 2361 717 2410 &
741 2359 949 2424 periculo
964 2359 1112 2406 sumus
1129 2373 1267 2421 quarn
1280 2374 1382 2409 nos·
1449 2359 1539 2404 Sed
1555 2360 1632 2405 ubi
1647 2374 1774 2405 nova
1787 2373 1930 2405 onera
1946 2359 2280 2421 imponuntur,
2310 2371 2426 2419 -pru-

223 2439 391 2485 denter
396 2429 701 2496 judicandum
717 2427 805 2475 effe
820 2427 1035 2474 sentimus
1049 2459 1063 2481 ‚
1100 2441 1158 2471 an
1172 2425 1486 2488 relinquendae
1505 2425 1589 2472 {int
1603 2424 1811 2472 Ecclefiae
1831 2425 1948 2488 lupis
1963 2454 1978 2478 ,
2013 2433 2094 2470 aut
2116 2423 2330 2471 facienda
2353 2423 2421 2470 so-

225 2503 407 2556 litudn,
442 2515 502 2545 an
515 2512 631 2545 vero
646 2496 835 2543 servitus
856 2494 1098 2540 toleranda
1114 2491 1177 2538 sit.
1249 2494 1371 2538 Nam
1395 2508 1549 2555 neque
1569 2508 1655 2539 nos
1679 2493 1841 2556 impias
1865 2492 2168 2539 caeremonias
2181 2490 2324 2554 recipi
2339 2504 2424 2538 vo·

224 2572 375 2620 lumus
400 2601 412 2623 ,
451 2580 604 2629 neque
630 2563 720 2610 line
744 2559 1017 2625 gravissimis
1041 2558 1183 2607 causis
1205 2558 1351 2607 deseri
1375 2559 1621 2613 Ecciefias,
1656 2559 1768 2607 ficut
1790 2559 2009 2624 scriptum
2034 2557 2127 2604 cstz
2158 2559 2273 2606 Non
2295 2554 2418 2609 dese·

227 2647 386 2688 rentes
400 2646 612 2696 congreg
625 2631 824 2677 itionem
849 2628 1068 2697 nostra-in..

399 2719 534 2766 Hanc
548 2713 891 2778 responffimeffl
908 2716 1042 2766 VObis
1059 2712 1384 2763 satisfa&uram
1401 2712 1491 2761 effe
1514 2713 1747 2778 speramus
1762 2742 1776 2765 ‚
1814 2713 1862 2762 ὃ(
1877 2720 2094 2778 optamus
2106 2718 2159 2758 ut
2170 2716 2341 2756 aeterna
2352 2707 2420 2756 in.

227 2797 301 2839 ter
311 2801 396 2835 nos
410 2784 461 2831 sit
474 2784 717 2830 corcordia
731 2781 778 2829 ὅ(
799 2785 1063 2829 animorum
1079 2778 1350 2845 conjunffio
1364 2784 1411 2829 in
1428 2782 1534 2828 Deo
1548 2813 1561 2837 ‚
1598 2781 1710 2827 sicut
1723 2780 1857 2827 Filius
1875 2782 1962 2827 Dei
1977 2781 2023 2826 in
2044 2779 2195 2840 agone
2212 2777 2292 2822 suo
2315 2789 2417 2839 pre-

229 2863 385 2908 catur,
416 2859 468 2901 ut
483 2859 615 2914 pater
629 2858 811 2895 men-tes
826 2850 1040 2899 omnium
1052 2851 1100 2900 in
1115 2848 1311 2899 Eccleiia
1325 2847 1546 2914 copulet,
1582 2856 1635 2896 ut
1646 2862 1789 2898 unum
1804 2847 1946 2897 sintin
1959 2847 2077 2893 Deo.
2145 2844 2270 2912 Bene
2293 2841 2419 2892 vale-

233 2933 297 2971 re.
336 2917 597 2984 issAprilis
617 2920 760 2967 Anno
791 2931 934 2982 1549.

2293 3039 2429 3108 ‚Qid
