2554 3394
744 123 832 173 III.
870 121 1148 172 CONTRA
1183 119 1240 170 A.
1280 117 1695 170 OSIANDRUM.
2236 129 2326 177 159

106 252 324 315 adeoque
340 250 536 297 alterum
554 262 637 311 per
649 245 846 292 alterum
864 242 1095 291 definiunt
1111 241 1273 289 Daniel
1287 257 1389 305 cap.
1407 259 1450 302 9.
1474 239 1756 288 nominatim
1775 234 2144 302 ponitjustitiam
2159 271 2170 291 ,
2186 239 2231 284 ὃ(
2248 240 2325 284 de·

109 317 336 366 letionem
361 316 574 381 peccati,
611 329 707 361 non
723 322 946 376 tanquam
970 315 1065 358 duo
1081 310 1252 358 diversa
1272 309 1345 356 seu
1364 309 1599 372 separata:
1636 307 1709 353 sed
1725 306 1920 352 alterum
1939 305 2232 368 peralterum
2248 320 2327 354 ex,-

107 385 254 450 plicat
278 386 323 434 6<
346 382 512 430 definit
535 399 547 428 z
577 382 878 429 Vaticinatur
902 382 960 426 de
986 388 1205 443 tempore
1231 379 1340 424 novi
1364 375 1655 423 Testamenti
1671 404 1682 424 ‚
1721 378 1848 436 quod
1874 373 2135 418 adducetur
2154 369 2328 433 justitia

104 451 389 517 sempiterna
405 483 419 505 ,
466 449 514 497 ὅ(
541 450 782 513 praemittit
803 448 1200 495 declarationem:
1238 447 1301 492 lta
1324 446 1583 492 adducetur
1603 440 1775 504 justitia
1791 473 1804 496 ,
1840 441 1968 514 quod
1993 439 2224 498 delebitur
2247 440 2328 488 ini-

103 521 273 584 quitas.
342 519 411 565 Ita
426 517 558 565 Isaias
575 517 787 581 praedicit
801 514 1040 563 Christum
1054 511 1408 575 justifi‘caturum
1427 512 1600 559 multos
1615 525 1700 573 per
1717 509 1774 555 sui
1791 508 2120 569 cognitionem
2137 540 2156 571 ,N
2189 508 2237 556 <Sc
2252 507 2327 565 ali-

104 588 292 651 quoties
305 582 814 633 meminitremissionis
830 590 1139 648 peccatorum
1155 589 1298 645 partae
1324 595 1408 643 per
1434 576 1693 643 paffionem
1719 574 1916 623 Christi:
1953 574 2238 621 Vulneratus
2261 572 2328 635 est

102 651 303 718 propter
316 653 584 717 iniquitates
610 651 819 706 nostras,
856 652 1041 698 attritus
1061 648 1123 695 est
1150 657 1347 712 propter
1369 647 1539 694 scelera
1558 644 1737 692 nostra:
1771 637 2063 690 Promiffioni
2088 644 2146 713 de
2164 638 2327 703 justifi-
2389 660 2392 663 ’

102 723 294 769 catione
311 736 395 785 per
410 719 649 768 Christum
674 722 907 767 continuo
923 715 1131 765 annefflt
1145 719 1271 763 haec:
1306 715 1581 779 Iniquitates
1602 728 1769 760 eorum
1795 709 1890 776 ipse
1913 709 2149 773 portabit,
2182 710 2325 766 item,

99 786 193 836 Pro
213 784 651 850 transgreffionibus
664 789 946 852 deprecatus
962 784 1041 832 est.
2302 799 2306 802 ·

275 854 442 902 Paulus
459 855 764 903 scribitRom.
784 870 822 913 3.
840 852 1065 917 justitiam
1093 849 1198 898 fidei
1219 847 1510 898 testificatam
1527 846 1553 896 ’ἲι
1572 848 1676 912 lege
1700 846 1747 895 ὅ(
1767 844 2047 909 Prophetis:
2084 841 2249 890 Petrus
2269 841 2328 890 al-

103 920 267 986 legans
282 921 602 970 testimonium
619 920 956 971 &consensum
981 922 1194 968 omnium
1217 919 1588 983 Prophetarum,
1627 916 1741 961 dicit
1756 929 1839 960 cos
1855 913 2046 961 Christo
2070 913 2182 958 dare
2202 909 2326 957 testi-

101 991 316 1037 monium
331 1023 344 1046 ,
381 991 509 1054 quod
526 992 809 1054 accipiamus
825 986 1142 1036 remiffionem
1166 996 1473 1050 peccatorum
1491 1000 1574 1049 per
1590 997 1765 1030 nomen
1780 980 1892 1044 ejus.
1967 985 2079 1028 Non
2106 980 2182 1026 hic
2206 980 2328 1026 inter

102 1058 146 1104 se
171 1057 405 1105 dissonant
418 1056 583 1104 Paulus
603 1058 650 1106 <Sc
664 1057 829 1105 Petrus
845 1091 858 1113 ,
880 1060 989 1103 dum
1006 1055 1121 1102 alter
1136 1053 1379 1117 dejustitia
1392 1086 1405 1108 ,
1430 1054 1545 1100 alter
1560 1054 1617 1098 de
1633 1048 1898 1097 remiffione
1919 1057 2225 1114 peccatorum
2243 1046 2328 1094 ser-

99 1139 296 1172 monem
311 1125 480 1180 infert,
502 1124 699 1189 pulchre
715 1125 790 1172 fibi
808 1125 1134 1178 consentiunt,
1158 1122 1274 1169 alter
1288 1121 1418 1168 alteri
1435 1120 1693 1169 subscribit,
1722 1117 1767 1164 ὅ(
1782 1119 1903 1180 quati
1921 1117 2204 1180 respondet,
2228 1129 2327 1162 non

61 1182 67 1191 ’
99 1190 226 1238 aliud
242 1191 317 1238 ille
333 1221 346 1243 ‚
370 1207 509 1255 quam
534 1188 639 1249 hic,
661 1208 752 1240 nec
765 1192 885 1240 aliud
901 1192 978 1239 hic
1000 1207 1139 1256 quam
1156 1190 1229 1238 ille
1246 1219 1258 1242 ‚
1294 1188 1369 1235 sed
1384 1188 1521 1251 plane
1534 1188 1657 1233 idem
1682 1199 1740 1231 ex
1754 1185 2002 1249 Prophetis
2019 1180 2327 1239 contestatur,

101 1256 270 1305 Paulus
286 1256 691 1321 vocatjustitiam,
725 1276 866 1324 quam
879 1259 1043 1306 Petrus
1066 1255 1382 1305 remiffionem
1401 1263 1728 1319 peccatorum.

275 1325 367 1371 Hic
385 1341 443 1372 ne
461 1326 535 1371 cui
552 1327 909 1372 contradicendi
927 1325 1083 1371 locum
1098 1324 1445 1386 relinquamus,
1484 1321 1803 1383 producemus
1816 1316 2009 1364 Paulum
2023 1350 2037 1372 ,
2076 1318 2120 1363 in
2136 1332 2232 1363 uno
2249 1331 2328 1364 eo-

86 1390 402 1454 .demquesuo
420 1392 635 1439 sermone
659 1392 1157 1456 hancintelligentiam
1181 1391 1316 1437 nobis
1333 1390 1693 1453 suggerentem,
1727 1387 1855 1450 quod
1873 1382 2109 1448 justificari
2130 1384 2327 1432 relative

86 1458 308 1520 dicatur,
345 1466 399 1505 ut
423 1459 474 1506 fit
491 1457 726 1521 justificari
742 1461 867 1507 idem
883 1493 897 1516 ,
920 1461 1050 1523 quod
1066 1459 1130 1506 est
1145 1456 1321 1506 absolvi
1335 1456 1583 1522 &peccatis
1598 1488 1611 1512 ,
1632 1454 1681 1502 ὃς
1696 1451 1936 1516 sicjustum
1949 1453 1974 1498 ἃ
1991 1453 2094 1498 Deo
2108 1461 2327 1514 accepta-

97 1526 150 1572 ri.
188 1525 351 1572 Verba
365 1525 490 1573 Pauli
505 1528 726 1590 leguntur
738 1525 845 1577 Αᾶ.
870 1542 940 1586 13.
1021 1528 1208 1573 Notum
1225 1526 1275 1572 fit
1288 1526 1453 1580 vobis,
1469 1526 1598 1587 quod
1612 1538 1697 1587 per
1709 1521 1987 1568 huncvobis
2000 1517 2204 1566 remiffio
2218 1534 2328 1584 pec-

95 1599 313 1639 catorum
328 1594 642 1640 annunciatur
655 1622 671 1649 ,-
707 1596 764 1640 ab
780 1595 999 1640 omnibus
1015 1626 1028 1649 ,
1066 1593 1092 1639 a
1115 1593 1281 1656 quibus
1296 1608 1395 1639 non
1410 1590 1623 1656 potuistis
1639 1604 1723 1653 per
1745 1587 1900 1653 legem
1915 1586 2051 1636 Moisi
2068 1584 2326 1649 justificari,

134 1673 184 1705 er
197 1660 324 1706 hunc
339 1661 522 1716 omnis,
561 1662 805 1724 quicredit
826 1694 837 1717 ,
868 1657 1160 1723 justificatur,
1231 1659 1428 1706 Etlihoc
1448 1659 1558 1706 loco
1572 1654 1779 1720 expresse
1797 1672 1895 1704 non
1909 1656 2037 1702 addit
2052 1656 2152 1703 haec
2165 1656 2326 1712 verba,

94 1673 594 1790 {peccatisjustificari
610 1761 625 1783 ,
662 1736 940 1775 tamennon
955 1728 1043 1775 alio
1060 1727 1183 1774 sensu
1198 1727 1341 1783 dixit,
1378 1742 1517 1790 quam
1543 1725 1858 1773 annunciatur
1883 1726 2017 1785 vobis
2039 1719 2244 1771 remiffio
2268 1724 2327 1771 ab

97 1793 316 1840 omnibus
343 1796 550 1857 peccatis
565 1826 578 1849 ,
618 1794 644 1840 Ξὶ
659 1795 826 1858 quibus
842 1810 938 1840 non
955 1792 1426 1857 potuistisjustificari.
1565 1792 1822 1840 Neminem
1840 1789 2155 1838 existimamus
2176 1791 2324 1856 asper-

95 1868 317 1907 naturum
356 1860 678 1908 testimonium
710 1861 902 1924 Joannis
941 1862 1116 1922 Brentii
1132 1890 1143 1912 ,
1180 1863 1287 1908 ideo
1317 1858 1415 1922 ejus
1453 1860 1762 1908 adscribemus
1802 1859 2081 1906 sententiam
2121 1873 2182 1906 ex
2217 1873 2326 1924 cap,

102 1940 176 1973 10.
212 1925 316 1975 A&
333 1927 382 1976 ὃ(
416 1942 486 1985 13.
523 1928 686 1975 Priore
720 1930 876 1992 capite
911 1929 977 1976 ita
1021 1928 1205 1984 scribit,
1251 1929 1558 1975 consentiunt
1596 1928 1850 1991 Prophetae
1883 1926 1931 1975 ὅ(
1968 1941 2066 1974 uno
2103 1941 2187 1973 ore
2211 1941 2326 1975 con-

96 1991 292 2041 fitentur
315 2027 330 2050 ,
383 2011 482 2043 non
517 2011 602 2059 per
636 2012 813 2060 opera,
849 1997 925 2043 sed
966 2011 1050 2061 per
1082 1994 1223 2043 fidem
1251 2030 1265 2053 ,
1322 2012 1421 2043 non
1461 2003 1655 2059 propter
1689 1998 1855 2042 merita
1890 1990 2141 2041 hominum
2162 2027 2200 2051 „
2247 1993 2326 2041 sed

97 2070 297 2126 propter
319 2077 498 2109 nomen
521 2063 659 2126 JESU
699 2064 958 2111 CHRISTI
995 2066 1277 2128 contingere
1300 2060 1618 2111 remiffionem
1645 2061 1953 2125 peccatorum
1978 2095 1992 2118 ‚
2039 2077 2140 2126 quae
2164 2060 2229 2110 est
2253 2058 2327 2124 ju-

95 2126 214 2176 stitia
229 2127 400 2176 nostra.
469 2129 590 2192 Cap.
614 2147 628 2177 ι
648 2145 686 2189 3.
710 2130 768 2178 fic
783 2131 965 2187 scribit,
991 2141 1189 2195 propter
1212 2130 1384 2178 Christi
1407 2133 1628 2177 meritum
1644 2163 1656 2186 ,
1682 2127 2221 2191 hominesjustificantur
2245 2145 2325 2177 co-

95 2210 194 2243 ram
211 2197 329 2244 Deo.
400 2197 595 2243 Nullum
613 2213 732 2261 opus
749 2198 1008 2245 humanum
1022 2200 1140 2245 tanti
1155 2200 1309 2246 meriti
1326 2198 1404 2245 esti
1420 2232 1432 2254 ,
1474 2208 1526 2245 ut
1550 2206 1749 2262 propter
1767 2199 1912 2261 ipsum
1940 2207 2137 2263 peccata
2162 2198 2323 2246 remit-

55 2254 85 2287 *
97 2269 286 2320 tantur,
327 2264 419 2311 hoc
435 2263 499 2310 est
511 2297 524 2318 ,
553 2261 1110 2328 hominesjustificentur.
1183 2268 1298 2314 Haec
1315 2265 1343 2313 fi
1356 2267 1600 2330 quisquam
1616 2265 1763 2313 veluti
1775 2262 1982 2314 hominis
1998 2265 2321 2314 testimonium

98 2328 334 2385 elevabit,
371 2334 517 2378 redeo
533 2333 588 2378 ad
604 2332 829 2384 Paulum,
868 2348 1011 2396 quem
1034 2334 1211 2380 nemini
1234 2333 1374 2381 liceat
1388 2334 1553 2380 testem
1575 2333 1802 2380 recusare.
1857 2390 1860 2394 Ι

270 2400 318 2444 ln
333 2413 436 2461 cap.
452 2416 495 2457 4.
517 2402 573 2446 ad
588 2399 730 2447 Rom.
746 2415 804 2446 ex
819 2400 992 2448 Genefi
1007 2402 1178 2463 probat
1193 2398 1826 2463 Abrahamumjustistcatum
1842 2398 1933 2448 effe
1948 2416 2033 2465 per
2054 2398 2195 2448 fidem
2221 2400 2321 2447 abs-

97 2478 194 2528 que
219 2466 440 2527 operibus
457 2466 596 2530 legis,
635 2469 932 2515 citatdeinde
949 2468 1174 2514 psalmum
1195 2483 1266 2528 32.
1283 2467 1519 2516 affirmans
1538 2469 1770 2516 Davidem
1798 2470 1845 2515 in
1869 2484 1927 2515 eo
1953 2469 2136 2515 Psalmo
2162 2469 2318 2515 dicere

85 2530 439 2579 ‘beatitudinem
464 2534 694 2590 hominis,
715 2535 788 2582 cui
803 2536 1006 2595 imputat
1022 2537 1147 2582 Deus
1161 2534 1380 2597 justitiam
1396 2536 1487 2583 sine
1501 2537 1735 2598 operibus.
1809 2536 1911 2598 jam
1926 2540 2124 2583 verbum
2140 2533 2317 2583 nullum

97 2598 145 2645 in
161 2596 338 2645 Psalmo
365 2600 575 2665 expresse
601 2602 770 2666 legitur
783 2605 842 2648 de
856 2597 1029 2664 justitia
1054 2603 1436 2667 &imputatione
1459 2601 1667 2665 justitiae:
1701 2603 1942 2665 Propheta
1967 2606 2025 2649 de
2046 2599 2318 2650 remissione

17 2704 20 2706 .
96 2674 410 2728 peccatorum
438 2671 583 2716 verba
604 2668 745 2724 facit,
779 2672 1001 2731 praedicat
1029 2670 1223 2728 beatos,
1255 2673 1420 2736 quibus
1441 2668 1632 2717 remissae
1663 2669 1765 2716 sunt
1794 2671 2088 2733 iniquitates,
2127 2670 2174 2718 <Sc
2200 2685 2317 2734 quo-

95 2746 199 2778 rum
215 2730 339 2780 tedia
365 2736 468 2782 sunt
492 2743 718 2799 peccata,
753 2736 801 2785 ὅ(
825 2739 1043 2792 beatum,
1082 2738 1158 2784 cui
1185 2753 1282 2785 non
1306 2740 1509 2801 imputat
1531 2738 1764 2784 Dominus
1788 2746 2056 2801 peccatum.
2126 2736 2217 2785 Pro
2241 2740 2316 2787 his

7 2834 11 2839 ,
95 2799 279 2851 verbis,
316 2802 722 2868 cuinonimputat
735 2812 1015 2868 peceatum,
1047 2803 1272 2852 substituit
1288 2805 1466 2851 Paulus.
1540 2802 2127 2868 Deusimputatjustitiam
2150 2804 2241 2852 sine
2263 2822 2313 2853 o·

95 2866 299 2928 peribus.
371 2869 498 2917 Hinc
521 2872 769 2918 evidenter
790 2880 1013 2936 apparet,
1047 2869 1510 2934 imputarejustitiarn
1527 2871 1814 2920 Pauloidem
1831 2869 1991 2927 fuiffe,
2025 2873 2244 2937 quodest
2265 2875 2312 2923 in

95 2931 307 2990 Psalmo,
342 2940 688 3003 nonimputare
711 2948 989 3004 peccatum,
1009 2940 1252 2986 remittere
1276 2940 1549 3004 iniquitates
1572 2939 1798 3003 &tegere
1823 2948 2038 3003 peccata.
2107 2941 2255 3007 Qod
2282 2942 2311 2990 si

2178 3009 2310 3061 ,aliud
