2554 3394
410 148 473 198 II.
506 142 976 197 HAMBURGENS.
1015 138 1341 195 EPISTOLA
1365 141 1462 194 DE
1502 141 1924 194 ADIAPHORIS.
2183 157 2279 208 139

68 270 242 334 pienda
264 266 439 317 coelesti
453 302 464 320 ‚
498 280 613 331 pura
636 278 691 311 ac
714 278 826 312 vera
840 261 1083 319 doffcrina,
1118 277 1258 326 quam
1274 261 1761 313 &utili&neceffaria
1782 262 2127 310 reformatione
2145 277 2280 312 orna-

0 348 2 350 ’
72 335 176 392 stis,
210 339 255 384 in
275 351 366 400 qua
390 333 496 398 quia
512 348 598 379 nos
623 331 780 396 posuit
803 331 997 395 Spiritus
1020 328 1200 378 sanstus
1221 329 1532 396 inspeE'tores,
1571 332 1634 378 ob
1657 331 1703 377 id
1727 330 1911 396 semper
1931 330 2070 378 nobis
2093 327 2282 380 summae

71 417 191 450 curae
204 404 320 458 fuit,
355 410 407 448 ut
431 399 766 447 custodiremus
781 397 984 446 vestrum
999 399 1122 462 apud
1145 412 1231 444 nos
1257 397 1521 462 depositum
1537 430 1550 454 ,
1584 398 1681 444 hoc
1695 396 1788 454 est,
1827 406 1878 445 ut
1893 397 2281 447 conservaremus

67 471 320 535 puritatem
332 465 555 516 dodffinae
578 467 626 515 ὃς
639 481 805 513 verum
823 466 910 512 Dei
926 465 1106 513 cultum
1121 466 1168 513 in
1182 465 1391 513 Ecclesiis
1406 463 1514 512 fidei
1530 464 1978 512 nostraecommiffis.
2047 466 2188 513 Nunc
2199 468 2285 515 vel

68 551 154 593 ro,
190 538 297 600 quia
319 531 480 600 paffim
495 526 707 582 incidunt
721 535 1011 581 mutationes
1035 531 1306 582 &Ecclesiae
1328 548 1450 580 verae
1474 547 1532 579 ex
1554 532 1745 579 Interim
1769 533 1833 579 ita
1859 533 2281 591 transformantur,

68 602 144 650 seu
160 604 316 667 potius
329 602 682 659 deformantur,
720 601 895 648 utinde
916 598 1125 664 pericula
1140 599 1281 646 noxia
1301 599 1350 648 &
1372 598 1634 647 scandalosa
1655 599 1914 647 certamina
1935 601 2144 647 oriantur
2159 603 2282 649 inter

68 683 210 718 veros
226 669 434 718 Ecclefiae
448 667 669 717 clo&ores
684 668 728 717 ὅ(
743 667 950 733 pastores
964 701 977 724 ,
1002 668 1168 732 quibus
1182 663 1541 728 conjunfitarum
1558 666 1861 714 Eccleiiarum
1876 682 2080 714 concors
2092 668 2281 715 harmo-

69 738 174 792 nia,
211 737 260 786 &
284 736 759 785 do&01·umvirorum
775 735 1018 783 consensus
1033 735 1230 782 omnino
1254 732 1539 788 dissolvitur,
1577 735 1804 798 neruique
1818 733 2140 782 Ecclesiasticae
2164 751 2283 782 con-

70 804 241 852 cordia:
261 813 562 868 rumpuntur.
631 805 743 851 Ideo
761 819 820 851 ne
841 803 1026 866 gravius
1048 803 1094 849 in
1109 802 1198 848 hac
1213 808 1348 865 parte
1369 801 1682 848 sauciarentur
1696 801 1953 849 multorum
1970 803 2285 856 conscientiae,

66 869 117 920 ὅ(
129 887 189 918 ne
204 873 314 935 quid
333 872 458 919 secus
472 878 692 934 ageretur
706 887 731 917 a
744 872 878 917 nobis
894 885 1033 934 quam
1049 875 1246 932 oportet
1259 901 1272 924 ,
1308 870 1579 932 putavimus
1596 868 1798 916 vestrum
1825 868 2113 933 explicatum
2139 868 2287 917 confi-

67 938 196 985 dium
210 941 268 985 de
281 939 564 1002 Adiapboris
577 937 655 985 vel
669 939 998 990 admittendis,
1034 935 1112 984 vel
1135 936 1441 983 excludendis
1458 938 1761 1000 quaerendum
1788 935 1878 984 effe
1894 969 1907 994 ,
1942 936 2092 985 vestra
2117 937 2288 1002 scripta

70 1006 196 1069 prius
211 1006 336 1052 edita
349 1007 397 1052 in
412 1005 655 1052 consilium
677 1006 884 1052 adhiberi
900 1012 1162 1069 potuerunt
1176 1036 1190 1060 ‚
1208 1018 1268 1051 ex
1281 1004 1447 1068 quibus
1467 1004 1568 1052 satIS
1584 1005 1890 1067 cognoscitur
1903 1037 1915 1060 ‚
1941 1020 2042 1069 quae
2056 1005 2192 1052 vobis
2205 1020 2289 1054 ve-

71 1086 124 1118 re
138 1073 413 1136 Adiaphora
426 1072 555 1124 sunt,
593 1088 694 1136 quae
709 1075 756 1120 in
770 1072 969 1120 Eccleiia
984 1072 1277 1128 conservari,
1311 1086 1402 1134 que
1425 1071 1673 1119 tolerari&
1689 1075 1788 1134 quae
1803 1070 1908 1134 ejici
1936 1075 2126 1120 debent.
2195 1073 2289 1120 Sed

72 1153 201 1186 nunc
214 1154 299 1202 per
312 1141 641 1203 potentiorum
656 1142 849 1187 decreta
863 1140 1218 1189 &imminentia
1232 1137 1440 1201 pericula
1453 1171 1466 1194 ,
1494 1137 1750 1185 astutorum
1765 1139 1996 1203 allegoriis
2013 1141 2127 1188 lucis
2143 1141 2190 1190 ὃ(
2204 1139 2289 1188 dis-

73 1204 665 1270 sitnilitudinejudiciorum
681 1223 752 1254 res
766 1207 823 1254 sic
843 1207 1099 1255 involuitur
1114 1238 1126 1262 ‚
1143 1213 1194 1252 ut
1208 1206 1270 1269 pii
1283 1204 1516 1259 nesciant,
1533 1206 1643 1268 quid
1657 1206 1714 1251 de
1731 1206 2012 1270 Adiaplioris
2027 1210 2290 1255 tenendum

72 1271 139 1320 fit.
207 1275 282 1320 Ad
305 1274 402 1320 hoc
417 1274 592 1320 malum
614 1276 756 1320 etiam
780 1274 995 1330 accedit,
1034 1274 1138 1337 pios
1163 1274 1292 1319 viros
1316 1286 1436 1319 verae
1460 1272 1697 1334 religionis
1722 1282 1960 1330 amantes,
1997 1275 2075 1338 qui
2100 1276 2147 1321 in
2168 1277 2290 1323 bene

73 1338 336 1387 constitutis
352 1340 559 1387 Ecclefiis
585 1342 874 1387 mutationes
898 1340 1042 1386 nullas
1057 1340 1271 1401 recipere
1286 1337 1457 1386 volunt
1488 1340 1510 1397 <
1526 1340 1652 1402 quod
1667 1340 1860 1386 videant
1878 1339 1956 1386 ista
1971 1343 2155 1388 ratione
2168 1342 2291 1389 Pon-

71 1404 243 1452 tificios
257 1407 488 1468 integram
502 1406 778 1469 Papisticam
803 1405 1182 1471 superstitionem
1198 1406 1346 1452 rursus
1363 1406 1591 1453 invehere
1605 1405 1724 1452 velle
1739 1436 1750 1457 ‚
1777 1407 1916 1470 seque
1931 1421 2173 1471 exponere
2193 1425 2290 1456 ma·

72 1471 177 1520 lunt
199 1473 384 1520 summis
401 1474 616 1535 periculis
630 1507 644 1531 ,
677 1490 819 1539 quam
835 1473 1051 1522 au&ores
1066 1471 1157 1520 effe
1172 1474 1495 1520 mutationum
1512 1474 1556 1519 in
1574 1472 1769 1520 Ecclesia
1783 1506 1796 1529 ,
1835 1474 2068 1538 &impios
2091 1484 2292 1524 conatus

71 1541 326 1603 impiorum
342 1539 560 1603 adjuvare
576 1545 596 1600 )
634 1539 829 1605 peffime
852 1542 1011 1588 audire
1025 1574 1039 1597 ,
1078 1542 1124 1589 ὅ(
1140 1541 1421 1603 praegravari
1442 1540 1603 1587 odiose
1619 1543 1743 1604 apud
1760 1540 1862 1588 illos
1878 1574 1891 1596 ,
1915 1542 1993 1606 qui
2009 1543 2287 1606 appellatio-

75 1622 136 1656 ne
151 1608 539 1670 Adiaphororum
557 1610 716 1655 omnia
742 1615 1030 1664 extenuant,
1068 1607 1356 1657 excusant&
1379 1607 1657 1663 involvunt,
1679 1608 1852 1671 quique
1877 1623 1974 1656 non
1991 1609 2295 1660 assentientes

73 1674 280 1738 ipsorum
303 1672 580 1722 flexibilibus
599 1673 832 1738 allegoriis
847 1671 1066 1736 judicant
1087 1674 1272 1722 Stoicos
1286 1707 1301 1730 ,
1339 1676 1481 1721 duros
1494 1707 1507 1729 ‚
1538 1682 1847 1723 contumaces
1862 1675 1911 1724 &
1924 1675 2124 1725 rebelles
2136 1678 2296 1727 Eccle-

74 1741 144 1788 siae
158 1741 422 1788 desertores
434 1774 448 1796 ,
485 1742 563 1804 qui
577 1742 878 1805 praesentibus
895 1742 1238 1790 calamitatibus
1252 1741 1300 1790 ὃς
1313 1741 1530 1805 periculis
1551 1741 1762 1790 Ecclesia:
1775 1758 1871 1789 non
1886 1740 2162 1793 afficiantur.
2197 1745 2294 1794 Hic

75 1822 184 1855 cum
197 1808 419 1870 utrinque
435 1808 482 1854 in
495 1809 777 1872 receptione
791 1806 1179 1874 Adiaphororum
1191 1808 1239 1858 <Sc
1261 1809 1308 1856 in
1330 1810 1593 1857 desertione
1620 1809 1926 1858 Ecclefiarum
1948 1825 2093 1874 grave
2115 1814 2296 1877 pericu·

76 1875 172 1924 lum
188 1873 262 1928 fit,
294 1873 410 1921 nihil
425 1882 645 1938 putamus
668 1883 766 1924 tarn
788 1873 879 1922 effe
901 1876 1232 1933 necessarium,
1271 1891 1412 1940 quam
1438 1884 1489 1923 ut
1511 1877 1726 1939 piorum,
1759 1878 1999 1926 bonorum
2020 1877 2069 1928 &
2092 1881 2295 1944 pruden-

77 1943 195 1990 tium
212 1945 424 1989 virorum
440 1942 630 1989 consilio
646 1943 780 1991 bonae
796 1944 1095 1992 conscientiae
1116 1942 1440 1992 testimonium
1465 1945 1752 1992 retineamus
1776 1947 1900 2010 apud
1920 1946 2179 1995 Dominum
2194 1979 2209 2005 ,
2245 1947 2296 1998 ὅ(

75 2008 302 2057 faciamus
317 2024 418 2073 quae
434 2009 538 2056 sunt
552 2009 693 2057 nostri
710 2009 852 2058 officii
863 2043 878 2070 ,
912 2012 960 2061 ὃ(
975 2027 1077 2076 quae
1093 2026 1255 2059 coram
1270 2011 1374 2058 Deo
1392 2010 1513 2058 salva
1528 2012 1813 2060 conscientia
1826 2011 1924 2060 fieri
1935 2014 2129 2062 debent.
2200 2015 2296 2063 Hic

75 2074 517 2140 utinculpatilim‘us
532 2078 666 2139 super
688 2078 778 2126 hac
803 2094 880 2139 re,
915 2081 1184 2142 expetimus
1201 2078 1406 2127 vestrum
1431 2079 1561 2143 pium
1587 2078 1853 2136 confilium,
1891 2081 2034 2128 etiam
2059 2089 2202 2146 atque
2227 2091 2298 2130 et-

77 2146 169 2192 iam
191 2151 380 2190 orantes
394 2173 406 2196 ,
436 2151 488 2191 ut
500 2143 667 2192 diserte
682 2147 818 2193 nobis
842 2145 1097 2209 fignificare
1116 2147 1404 2211 dignemini,
1444 2161 1545 2211 quae
1559 2146 1632 2194 via
1644 2149 2100 2212 nobisingrediunda
2113 2150 2164 2196 lit
2179 2148 2298 2200 inof-

75 2209 205 2259 fense
222 2210 300 2257 sub
314 2207 387 2258 his
408 2207 741 2276 Adiaphoricis
757 2213 1150 2276 disputationibus
1165 2228 1226 2260 ne
1250 2214 1509 2278 derogetur
1520 2213 1677 2278 gloriae
1690 2215 1806 2271 Dei,
1845 2230 1904 2262 ne
1919 2217 2201 2280 impediatur
2215 2218 2299 2265 Ec-

77 2277 222 2325 cleliae
237 2277 350 2324 salus
363 2309 375 2333 ,
411 2279 458 2326 ὅ(
479 2292 538 2325 ne
553 2278 862 2327 vulnerentur
876 2278 1042 2328 nostrae
1056 2279 1350 2345 aliorumque
1363 2284 1551 2346 piorum
1567 2282 1879 2331 conscientiae.
1949 2284 2131 2331 Scimus
2152 2283 2297 2348 longe

76 2341 343 2393 horribilius
357 2344 404 2394 ὅ(
426 2346 611 2410 gravius
627 2345 717 2392 effe
731 2347 940 2394 incidere
954 2348 1003 2395 in
1015 2363 1180 2394 manus
1192 2344 1443 2396 hominum
1457 2382 1472 2406 ‚
1506 2364 1645 2413 quam
1658 2352 1705 2396 in
1719 2365 1884 2397 manus
1898 2350 2105 2398 Domini.
2180 2353 2295 2399 Ideo

79 2413 292 2459 dabimus
315 2426 513 2476 operam
527 2419 581 2458 ut
594 2413 640 2460 in
661 2414 883 2462 omnibus
906 2415 1220 2463 incidentibus
1234 2416 1450 2480 periculis
1466 2424 1712 2463 teneamus
1725 2417 1852 2465 hunc
1867 2417 2061 2481 scopum
2075 2419 2121 2464 in
2133 2418 2295 2468 nostro

80 2477 337 2526 ministerio
352 2508 370 2535 ,-
381 2487 434 2526 ut
445 2493 605 2526 coram
620 2480 831 2529 Domino
845 2480 923 2530 fidi
935 2483 1226 2547 reperiamur
1239 2483 1287 2532 ὅ(
1301 2484 1636 2532 conscientiam
1650 2480 1907 2532 habeamus
1920 2484 2102 2531 illaesam
2116 2514 2130 2537 ,
2151 2499 2298 2534 even-

80 2553 183 2592 tum
196 2546 264 2593 rei
278 2546 633 2594 committemus
649 2550 755 2595 Deo
775 2581 791 2605 ,
826 2550 884 2596 in
895 2546 1026 2612 cujus
1044 2565 1190 2598 manu
1204 2552 1365 2598 omnia
1381 2551 1498 2598 sunt.
1570 2552 1716 2615 quue
1738 2552 1874 2599 nobis
1896 2553 2036 2598 unice
2060 2566 2181 2599 curae
2206 2554 2297 2603 erit

80 2613 429 2662 utinnocentiae
444 2612 716 2662 testimonio
731 2616 912 2662 animus
928 2614 1086 2664 noster
1107 2617 1160 2664 sit
1179 2616 1486 2666 confirmatus
1511 2619 1556 2665 in
1581 2620 1680 2665 vita
1699 2618 1748 2667 ὃς
1767 2625 1924 2665 morte
1947 2619 2298 2670 corroborante

82 2694 170 2727 nos
185 2680 291 2728 Deo
313 2694 398 2745 per
413 2679 618 2729 sarmitum
632 2681 763 2729 suum
777 2682 1000 2746 Spiritum
1015 2716 1029 2741 ,
1064 2685 1223 2749 potius
1249 2687 1463 2734 cervices
1489 2682 1706 2732 carnifice
1720 2684 1953 2735 feriendas
1967 2687 2297 2750 praebebimus,

83 2746 132 2796 &
157 2747 314 2811 potius
337 2747 474 2796 exilia
495 2748 543 2797 ὃ(
555 2747 774 2813 supplicia
785 2750 993 2798 feremus
1009 2779 1023 2803 ,
1058 2752 1266 2817 quamut
1280 2759 1448 2800 contra
1461 2751 1802 2811 conscientiam
1817 2751 1953 2800 fimus
1967 2752 2139 2818 aliquid
2149 2754 2297 2804 fatitu-

0 2875 2 2879 γ
81 2814 120 2861 ri
142 2813 190 2860 in
204 2812 363 2861 nostro
378 2814 631 2863 ministerio
647 2848 661 2872 ,
696 2817 919 2881 Reipubl.
942 2816 1248 2882 relinquimus
1262 2819 1337 2867 sua
1349 2818 1535 2867 consilia
1547 2852 1560 2877 ,
1587 2819 1666 2884 qui
1680 2826 1732 2867 ut
1745 2820 1821 2884 pia
1834 2851 1848 2877 ,
1870 2816 1992 2883 justa
2005 2821 2055 2870 ὅς
2069 2821 2196 2870 resta
2212 2820 2298 2874 iin't

83 2880 211 2944 apud
232 2881 386 2929 Deum
401 2915 416 2940 ,
447 2883 695 2932 hortamur
708 2883 757 2933 ὅ(
770 2900 984 2942 oramUS,
1016 2887 1159 2950 idque
1178 2900 1410 2934 conamur
1428 2887 1665 2951 praecipue
1679 2919 1693 2942 ,
1724 2894 1777 2935 ut
1791 2902 1878 2935 nos
1901 2889 1978 2953 pie
1991 2886 2169 2952 &juste
2190 2891 2308 2944 fun-¹.

81 2961 247 3009 gamur
268 2948 426 2997 nostro
441 2948 633 3008 officio,
668 2959 817 3017 utque
843 2954 1043 3002 verbum
1065 2954 1155 3001 Dei
1171 2952 1301 3002 reste
1319 2953 1555 3018 secantes,
1586 2954 1663 3017 pie
1685 2955 1734 3002 in
1759 2956 1977 3004 omnibus
2000 2957 2293 3020 applicemus

81 3012 131 3064 <Sc
143 3028 246 3079 quae
259 3014 350 3066 Dei
362 3016 493 3081 sunt,
528 3019 636 3070 Deo
649 3053 667 3082 2
701 3019 752 3074 ὄε
765 3034 865 3088 quae
879 3019 1069 3093 §assatis
1081 3021 1185 3093 sunt
1197 3054 1210 3081 ‚
1243 3020 1411 3070 Caesari
1425 3022 1617 3086 demus,
1644 3019 1899 3093 nostroque
1912 3021 2072 3076 officio
2084 3032 2138 3078 ut
2149 3041 2294 3094 opor-

1230 3085 1295 3151 Ε
1330 3103 1362 3157 ζ,
2219 3102 2292 3156 tege
