2554 3394
836 142 924 194 IV.
965 132 1231 194 CONTRA
1265 136 1597 194 MAIOREM.
1888 201 1891 204 ,
2220 148 2319 217 '233

97 276 188 323 rim
226 284 394 320 recens
438 270 609 317 natura
643 261 693 311 in
725 260 970 326 publicum
1010 261 1254 329 prodiisset
1274 293 1291 320 ‚
1327 280 1430 314 non
1452 263 1544 313 esse
1565 267 1624 315 de
1647 270 1846 319 articulo
1868 268 2211 334 justificationis
2237 291 2322 341 pu-

99 341 385 455 gnanduwngh
410 416 470 448 ex
494 399 725 447 memoria
747 399 962 446 omnium
986 397 1060 447 illa
1083 399 1393 459 exciderunt,
1429 417 1528 450 non
1552 400 1644 468 esse
1669 407 1980 468 pugnandum
2011 410 2071 459 de
2094 411 2323 477 particula

97 474 294 531 SOLA,
340 473 459 519 Item
482 466 625 515 fidem
649 466 887 530 praecipue
904 463 1175 530 justificare.
1248 470 1421 516 Narrat
1436 467 1651 533 Majorin
1665 472 1874 520 ssiolibro
1890 475 2248 529 altercationem
2262 482 2324 530 de

99 542 325 607 operibus
347 535 611 585 necessariis
628 535 684 580 ad
701 532 897 580 salutem
914 533 1116 582 extitisse
1131 550 1190 582 ex
1203 535 1388 598 Lipfico
1415 537 1623 586 Interim.
1696 541 2070 592 Haeccuminter
2091 547 2135 596 se
2158 549 2324 599 confoe

97 616 296 665 rantur,
333 602 685 670 profe&o}n011
706 601 766 647 de
789 601 938 648 nihilo
963 600 1029 649 est
1052 632 1070 662 ‚
1101 617 1192 650 nec
1219 618 1370 651 vanus
1394 611 1474 652 aut
1497 614 1652 655 metus
1685 615 1766 656 aut
1800 607 1994 674 suspicio
2015 648 2028 665 ,
2073 613 2221 663 latere
2244 634 2324 666 an-

99 671 250 742 guen‘i
269 675 316 722 in
340 675 502 728 herba,
538 685 648 719 cum
663 676 760 716 tam
781 668 914 716 clarIs
939 670 1096 716 verbis
1121 673 1479 734 pronunciatur,
1517 689 1792 740 magnoque
1805 679 1945 725 etiam
1959 687 2138 728 conatu
2159 684 2208 732 ὅ(
2230 685 2325 732 cla—

97 759 237 792 more
275 742 575 800 defenditur,
624 738 882 787 Neminem
904 752 1112 802 unquam
1156 737 1308 786 salutis
1340 740 1622 806 participem
1650 743 1826 793 faetum
1851 746 2028 811 absque
2051 749 2188 798 bonis
2206 767 2325 817 ope·

101 815 246 862 Ubus·
274 874 558 925 Defensores
574 872 761 937 justitiae
782 887 984 938 operum
1007 887 1094 938 pro
1129 886 1186 921 ea
1207 872 1452 924 statuenda
1489 876 1553 925 usi
1575 878 1680 926 sunt
1702 882 1989 944 argumentis
2012 899 2072 932 ex
2091 881 2167 934 his
2187 885 2326 937 diffie

101 948 345 1012 scripturae
374 963 386 991 =
468 941 521 990 Si
552 944 624 990 va·
644 940 712 990 ad
742 941 896 989 vitam
927 938 1113 1004 ingredi
1128 937 1280 1004 ftrva
1313 943 1573 1001 mandata,
1614 946 1889 1010 Operamini
1905 947 2327 1016 vestramsc‘tlutem

102 1031 208 1066 cum
231 1012 400 1068 timere
419 1007 474 1070 εἰ
489 1022 692 1058 tremore
708 1043 726 1064 ,
785 1010 879 1058 Ore
885 1008 955 1074 fit
979 1006 1182 1074 confessio
1202 1008 1484 1076 adfitlutem
1502 1048 1521 1069 ,
1565 1014 1672 1064 Non
1691 1014 2009 1067 remittuntur
2017 1031 2218 1085 peccata
2240 1019 2335 1087 nisi
2358 1032 2361 1034 ’

98 1081 200 1132 illis
213 1116 226 1141 ,
262 1078 349 1147 qui
366 1074 974 1142 remittuntfratribmstm
1006 1075 1185 1128 delic‘i'a.

276 1149 345 1195 Ex
371 1149 544 1195 eodem
567 1146 702 1193 fonte
739 1144 924 1193 haustas
962 1143 1099 1194 affert
1123 1145 1222 1197 suas
1257 1149 1568 1214 probationes
1600 1149 1773 1215 Major.
1845 1153 1984 1203 Unde
2018 1155 2084 1205 illi
2121 1160 2330 1224 probant

101 1232 252 1281 opera
274 1214 365 1262 effe
388 1212 642 1263 necessaria
665 1215 722 1261 ad
748 1213 941 1261 salutem
962 1247 978 1271 ‚
1012 1216 1121 1263 inde
1145 1218 1271 1265 idem
1294 1215 1370 1264 ille
1396 1217 1630 1269 adstruere
1662 1219 1869 1277 molitur,
1934 1223 2061 1293 Qae
2097 1226 2343 1290 pontificii-

102 1286 329 1348 usurpant
352 1316 367 1339 ‚
407 1283 765 1330 utconvincant
787 1281 1010 1329 homines
1038 1298 1202 1345 parare
1227 1298 1282 1331 ac
1308 1287 1480 1333 mereri
1504 1288 1725 1351 operibus
1758 1288 1980 1350 salutem,
2014 1295 2183 1342 eadem
2205 1295 2329 1344 usur-

90 1361 278 1417 ·pantur
303 1367 327 1397 a
352 1347 562 1412 Majore,
584 1356 653 1395 ·ut
676 1349 910 1404 obtineat,
945 1349 1112 1412 Opera
1134 1349 1226 1398 esse
1248 1351 1502 1401 necessaria
1523 1355 1581 1400 ad
1607 1355 1800 1409 salutem
1823 1358 2213 1411 conservandam.
2247 1364 2330 1411 Su-

100 1426 240 1485 perat
263 1417 408 1465 etiarn
430 1415 534 1464 illos
559 1415 872 1472 inventione,
908 1416 1039 1463 addit
1060 1418 1299 1483 pleraque
1335 1420 1433 1480 (ne
1457 1421 1726 1471 adversariis
1751 1422 1846 1472 tela
1863 1434 2040 1475 contra
2061 1444 2149 1478 nos
2172 1428 2330 1481 defici-

106 1483 405 1547 ant).multo
427 1485 576 1547 magis
601 1490 739 1530 acuta
762 1482 811 1531 ὃς
833 1482 1037 1546 speciosa
1052 1517 1066 1540 ,
1106 1502 1246 1551 quam
1265 1487 1346 1551 ipsi
1371 1487 1559 1552 possent
1580 1492 1874 1555 excogitare.

275 1550 418 1600 Multi
441 1549 826 1614 praestantes-viri
843 1550 890 1598 id
916 1550 995 1599 fibi
1010 1550 1162 1601 studio
1185 1551 1483 1614 habuerunt,
1518 1564 1571 1605 ut
1591 1558 2009 1610 defenderentnos
2030 1562 2225 1615 salutem
2237 1566 2331 1617 fide

88 1614 392 1683 ,deconsequi
406 1617 454 1667 ὅ(
469 1619 700 1674 retinere,
738 1616 913 1681 sibique
925 1621 1413 1684 sumpseruntlabores
1427 1639 1527 1673 non
1542 1642 1712 1690 parvos
1726 1660 1739 1685 ‚
1773 1636 1826 1676 ut
1848 1629 2153 1682 dissolverent
2168 1632 2332 1701 sophi-

101 1689 251 1737 smata
272 1686 321 1735 &
340 1684 506 1734 vitiosa
519 1676 811 1749 'argumenta
827 1718 841 1743 ,
862 1687 1028 1751 quibus
1054 1689 1303 1738 adversarii
1326 1690 1607 1741 molirentur
1630 1692 1829 1744 stabilire
1850 1698 1952 1746 'suas
1984 1698 2079 1748 illas
2101 1703 2255 1752 ruinas
2273 1719 2329 1752 o·

102 1758 302 1821 perum,
324 1754 495 1818 quibus
511 1754 697 1807 docent
721 1755 900 1816 parari,
927 1757 1113 1819 augeri,
1140 1757 1189 1806 ὅ(
1210 1757 1476 1808 conservari
1494 1757 1720 1823 justitiam
1741 1763 1795 1813 <Sc
1815 1763 2021 1815 salutem.
2057 1769 2202 1819 Nunc
2213 1786 2330 1821 con-

101 1832 177 1876 uffa
198 1822 490 1875 exoriuntur:
508 1823 640 1868 inter·
656 1836 743 1868 nos
758 1852 772 1877 ,
812 1822 891 1885 qui
905 1821 981 1870 fibi
992 1823 1142 1873 studio
1157 1825 1341 1875 habent
1352 1827 1399 1877 ὅ(
1413 1826 1537 1878 laudi
1549 1832 1731 1880 ducunt
1743 1834 1819 1898 pie
1833 1833 2330 1895 aedificatadestruere‚

101 1889 336 1939 destrueta
357 1903 475 1937 vero
500 1887 796 1936 reaedxficare.

278 1957 408 2006 Nihil
429 1957 611 2003 habent
633 1965 730 2005 tam
753 1956 991 2023 plausibile
1016 1958 1232 2025 papistae‚
1269 1962 1383 2012 nihil
1397 1971 1567 2029 putant
1580 1967 1624 2015 se
1639 1968 1770 2033 posse
1788 1978 1885 2020 tam
1905 1988 2055 2038 ,grave
2082 1973 2129 2021 in
2151 1989 2240 2022 nos
2263 1976 2331 2024 di-

104 2041 233 2083 cere,
255 2020 372 2072 nihil
403 2020 615 2086 objicere
639 2033 736 2073 tam
775 2026 993 2074 odiosum
1017 2063 1033 2088 ‚
1088 2044 1183 2094 quo
1220 2046 1307 2078 nos
1331 2032 1608 2083 deforment
1647 2036 1696 2086 ὅ(
1727 2040 1898 2088 exosos
1919 2043 2149 2099 reddant,
2187 2057 2333 2106 quam

106 2094 238 2159 quod
257 2091 470 2140 clamant
489 2107 577 2139 nos
599 2093 830 2142 invehere
854 2096 1115 2145 barbariem
1136 2101 1373 2161 quandam
1397 2101 1719 2167 cyclopicam,
1753 2107 1922 2157 tollere
1948 2126 2144 2158 omnem
2168 2112 2333 2160 obedi-

106 2162 315 2217 entiam,
339 2161 595 2217 virtutem‚
617 2160 667 2210 ὅ(
688 2176 847 2210 mores
871 2163 1043 2223 bonos,
1080 2166 1187 2230 quia
1205 2169 1436 2217 docemus
1460 2171 1710 2222 hominem
1735 2176 1913 2242 absque
1946 2179 2166 2243 operibus
2187 2180 2331 2229 bonis

34 2283 41 2290 .
103 2225 368 2293 justificari}
437 2227 531 2275 Sub
544 2229 718 2278 eodem
739 2246 873 2278 ramo
897 2230 942 2277 se
961 2232 1236 2283 occultabat
1259 2236 1718 2291 Sthruthiocamelus
1741 2244 1789 2293 in
1802 2246 2347 2305 Borusfia,traducebat'

106 2295 288 2351 nostras
311 2294 534 2343 Ecclefias
556 2330 573 2350 ,
612 2298 742 2361 quod
764 2297 878 2347 nihil
904 2298 1026 2348 aliud
1050 2304 1286 2351 docerent
1311 2319 1451 2370 quam
1474 2307 1794 2361 remiffionem
1820 2322 2155 2376 peccatorum,
2172 2317 2239 2363 -de
2261 2331 2333 2363 re-

10 2401 17 2405 .
38 2397 47 2423 r
106 2365 374 2412 novatione
395 2363 445 2412 ὅ(
467 2363 604 2411 bonis
629 2367 854 2430 operibus
883 2367 1112 2416 silentium
1136 2380 1370 2435 agerent,
1419 2375 1666 2426 absurdum
1693 2388 1795 2428 erat
1816 2380 1879 2429 illi
1899 2383 2075 2431 docere
2095 2399 2184 2431 nos
2200 2381 2329 2447 justi·

106 2429 237 2489 ficari
250 2425 346 2479 sola
370 2428 463 2478 fide
490 2445 574 2496 per
599 2433 969 2497 imputationem
987 2432 1190 2500 justitiae,
1215 2440 1313 2488 hoc
1337 2443 1446 2490 addi
1469 2443 1691 2505 volebat,
1717 2464 1805 2497 nos
1826 2450 1884 2496 de
1906 2449 2034 2500 saeco
2049 2448 2201 2514 justos
2215 2451 2331 2500 fieri.

281 2499 522 2564 Qorsum
547 2503 742 2549 tandem
767 2502 859 2550 alio
884 2506 1051 2561 tendet
1074 2507 1311 2556 accusatio
1341 2508 1508 2573 injusta
1531 2512 1727 2577 Majoris
1751 2516 2023 2575 clamantis,
2043 2518 2207 2566 invehi
2230 2519 2345 2566 bar-.

108 2567 270 2615 barien
285 2599 299 2624 ,
336 2567 548 2614 Omnem
573 2582 683 2631 erga
703 2570 858 2618 Deum
879 2571 928 2620 <Sc
949 2568 1171 2624 homines
1193 2576 1295 2626 tolli
1318 2579 1644 2629 obedientiam
1666 2582 1883 2634 dodffina
1907 2581 2028 2644 hae,
2060 2585 2332 2651 Qodsalvi

109 2632 225 2683 fiant
247 2634 465 2681 homines
489 2636 665 2698 absque
691 2639 912 2701 operlbus
939 2642 1105 2690 bonis?
1138 2639 1147 2651 ⁴
1290 2654 1300 2667 ·
1901 2652 1903 2654 ’

285 2701 449 2750 Sciunt
473 2703 688 2767 papistae,
712 2705 740 2750 si
764 2709 913 2754 modo
937 2708 1048 2757 scire
1073 2708 1471 2769 velint,·nostros
1494 2714 1840 2779 diligentissime
1862 2721 2230 2781 commendare,
2256 2737 2331 2772 or·

29 2780 34 2785 ’
110 2783 253 2826 nare,
276 2769 325 2818 ὅ(
348 2785 516 2834 urgere
542 2786 656 2819 vere
691 2773 817 2820 bona
840 2789 1005 2837 opera.
1086 2779 1202 2827 Non
1233 2781 1486 2845 ignorabat
1519 2782 1750 2833 Ofiander
1772 2819 1786 2844 ,
1823 2803 1965 2852 quam
1988 2787 2149 2838 sedulo
2170 2791 2219 2838 in
2243 2806 2329 2840 no·

32 2841 36 2845 '
109 2827 210 2885 stris
231 2836 440 2885 Ecclefiis
465 2837 721 2895 CHristum
746 2839 940 2905 professi
958 2843 1251 2905 doceantur,
1284 2848 1334 2898 <Sc
1356 2850 1737 2901 commonefiant
1758 2857 1817 2901 de
1841 2857 1974 2904 omni
1993 2860 2331 2926 generevirtu·

112 2906 189 2951 tis.
258 2906 431 2968 Neque
455 2904 613 2959 Maior
635 2908 782 2956 nescit
806 2908 1224 2978 Magdeburgenfis
1260 2916 1464 2966 ecclefiae
1482 2920 1853 2971 concionatores
1888 2940 1990 2972 non
2008 2926 2161 2974 minus
2187 2942 2330 2993 quam

109 2970 314 3030 nosti-05,
350 2988 491 3037 quarn
513 2975 704 3023 aliarum
727 2974 1172 3045 fideleslmi‘nistros,
1191 2982 1417 3035 docendo
1430 2980 1453 3046 ‚⁸
1467 2990 1742 3060 monend02
1763 2986 2006 3047 hortando
2019 2994 2256 3047 deducere
2270 2996 2330 3046 ad
2364 3056 2367 3060 ,

26 3047 53 3107 ἴ,
111 3039 301 3106 pietatis
326 3040 374 3092 ὅ(
398 3043 669 3096 obedientia
693 3042 863 3099 officia.

1262 3118 1317 3176 Θ
1341 3132 1370 3189 9
2237 3131 2332 3197 Pras
