2554 3394
469 185 527 233 II
562 174 1040 235 HAMBURGENSZ'
1076 155 1393 227 EPISTo'LA
1428 146 1976 225 D'EAfflZPfizoRm
2233 186 2292 237 14
2299 188 2324 238 5

281 259 2325 278 *pm

117 298 256 344 nobis
269 293 612 359 simplicitatem
633 289 796 338 nostrae
811 291 1121 342 innocentiae,
1159 290 1209 339 ὃ(
1226 299 1277 337 ut
1291 290 1536 354 sequamur
1561 288 1696 335 sacrae
1721 290 1955 353 scripturae
1973 287 2022 338 &
2042 288 2328 337 orthodoxae

111 362 323 411 Ecclefiae
332 358 559 423 judicium
577 390 590 414 ,
628 372 728 421 quae
748 358 1021 421 Adiaphora
1035 357 1176 405 libera
1193 357 1502 422 pronunciat,
1540 369 1641 419 quae
1655 355 1725 403 his
1739 355 1838 403 vult
1850 354 2098 403 Ecclesiam
2111 353 2329 403 aedificari

112 445 212 477 non
225 427 420 482 destrui,
447 425 666 473 scandalis
683 426 860 473 mederi
883 440 981 471 non
997 439 1052 471 ea
1068 424 1294 480 suscitari,
1331 422 1704 488 superstitionem
1720 421 1768 470 δε
1786 420 2080 486 corruptelas
2096 422 2145 470 &
2161 422 2327 486 impie-

113 503 235 544 tates
247 492 446 541 Ecclesia
462 492 759 539 excludinon
787 491 1025 539 introduci
1040 524 1054 547 ‚
1091 492 1210 539 Non
1228 489 1294 538 est
1307 492 1409 538 satis
1424 523 1438 548 ‚
1476 491 1696 537 homines
1714 487 1877 536 ludere
1899 489 2066 536 fucofis
2089 486 2326 553 figmentis

113 562 356 625 &ineptas
370 574 514 622 nugas
527 558 786 622 allegoricis
799 559 915 606 fucis
931 566 1097 605 ornate
1110 557 1160 606 δε
1180 556 1348 604 callide
1370 557 1737 604 accommodare
1752 557 1809 603 ad
1824 570 1896 602 res
1908 557 2054 602 bonas
2074 554 2121 604 ὅ(
2145 571 2326 604 novum

113 621 342 676 rationale
355 628 623 673 divinorum
639 625 930 672 comminisci
954 624 1045 671 line
1058 625 1205 672 verbo
1222 623 1338 679 Dei,
1376 623 1513 671 novis
1528 623 1701 670 umbris
1716 622 1899 687 &typis
1920 621 2117 669 Ecclesia
2134 637 2232 669 non
2247 623 2328 671 ha-

113 697 196 742 bet
212 709 359 759 opus,
394 694 444 740 iis
463 708 546 757 per
571 692 808 740 Christum
831 691 1129 747 estliberata‚
1167 691 1313 737 habet
1327 690 1455 737 suum
1481 689 1660 736 cultum
1685 688 1947 754 Evangelio
1963 688 2137 736 Christi
2162 689 2328 737 deleri·
2389 735 2391 740 ,

112 770 247 825 ptum
264 761 312 810 &
325 759 630 807 constitutum
644 792 658 814 ,
692 762 766 807 cui
780 774 868 806 nec
882 760 1054 806 addere
1076 771 1166 805 nec
1180 757 1386 805 adimere
1409 757 1660 821 quicquam
1675 757 1818 804 debet
1832 759 2036 804 humana
2051 756 2261 805 audacia.

285 827 559 890 Adiaphora
590 841 708 873 vero
732 860 747 883 ,
805 842 905 889 quae
929 825 1084 888 primo
1107 824 1273 871 ordine
1296 823 1566 888 posuimus,
1612 824 1883 871 concordiae
1906 824 1955 872 ὅ(
1981 821 2333 886 tranquillitatis

114 894 246 942 causa
272 894 474 941 libenter
495 893 847 940 observaremus
881 907 990 940 cum
1016 889 1112 938 aliis
1143 891 1351 939 Ecclefi'is
1386 891 1638 955 puritatem
1664 889 1902 939 Dos’trinae
1929 888 2327 947 custodientibus,

113 970 388 1026 optaremus
411 958 683 1021 generalem
708 959 929 1007 constitui
952 956 1081 1023 poss'e
1106 958 1496 1008 conformitatem
1515 957 1822 1007 Ecclesiarum
1849 957 1940 1006 fine
1964 956 2255 1005 offendiculo
2280 956 2330 1006 &3

112 1038 225 1075 cum·
236 1024 588 1088 tranquillitate.

280 1093 550 1156 judicamus
573 1094 704 1153 enim·
717 1094 775 1140 ad
789 1091 1005 1141 alendam
1021 1091 1330 1140 concordiam
1348 1091 1489 1142 valde
1511 1091 1727 1156 prodesse
1754 1091 2141 1140 conformitatem
2153 1093 2329 1139 rituum

110 1161 157 1208 in
171 1159 371 1207 Ecclesia
387 1189 398 1211 ,
415 1159 442 1206 li
457 1167 680 1224 potentes
696 1161 771 1210 hic
789 1168 883 1207 tam
900 1160 1143 1224 diligentes
1159 1157 1306 1206 essent
1320 1188 1332 1210 ‚
1350 1174 1490 1222 quam
1505 1159 1624 1214 sunt,
1640 1166 1691 1205 ut
1705 1157 1971 1221 conjunRae
1987 1158 2195 1207 Ecclesiae
2214 1173 2329 1206 con-

111 1224 228 1274 fieris
243 1227 527 1291 Adiaphoris
542 1226 858 1290 difiungantur
877 1227 924 1275 ὅ(
939 1227 1205 1275 scindantur
1219 1257 1232 1282 ‚
1259 1225 1426 1272 melius
1445 1225 1566 1272 suam
1589 1240 1786 1289 operam
1802 1226 2122 1283 collocarent,
2161 1240 2330 1274 verum

111 1293 256 1357 quum
272 1309 370 1340 non
385 1301 614 1356 quaeratur
627 1293 934 1340 Ecclesiarum
951 1294 1208 1340 concordia
1222 1292 1270 1341 ὅς
1285 1291 1397 1339 salus
1412 1325 1427 1348 ‚
1462 1291 1539 1339 sed
1559 1301 1749 1355 paretur
1773 1300 1958 1340 tantum
1982 1294 2055 1340 via
2086 1296 2143 1340 ad
2166 1293 2330 1340 omnia

110 1359 185 1407 illa
197 1359 422 1422 erigenda
443 1360 490 1407 ὅ(
505 1357 786 1406 restituenda
811 1392 826 1416 ‚
864 1374 965 1423 quae
988 1359 1190 1422 synodus
1213 1360 1475 1415 decernet,
1515 1356 1627 1406 nihil
1649 1361 1910 1422 proderunt
1935 1360 2005 1406 hae
2027 1359 2328 1424 particulares

109 1427 401 1474 mutationes
420 1460 433 1480 ‚
470 1426 517 1476 ὅ(
541 1433 592 1473 ut
612 1433 807 1490 apparet
821 1441 880 1473 ex
895 1424 1050 1476 multis
1066 1425 1245 1472 ind1ciis
1260 1459 1274 1482 ,
1311 1425 1525 1488 nihilpiis
1538 1424 1798 1489 pastoribus
1819 1426 1983 1473 melius
2007 1427 2055 1474 &
2079 1428 2222 1474 tutius
2240 1427 2330 1473 erit

110 1509 272 1541 coram
295 1493 424 1540 DEO
440 1526 451 1547 ,
488 1508 626 1556 quam
650 1489 911 1556 longiss‘ime
937 1492 1129 1540 abeffea
1153 1492 1323 1540 iucofis
1350 1494 1397 1542 ὅ(
1419 1492 1585 1540 dolosis
1609 1492 2023 1540 deliberationibus
2046 1494 2329 1558 recipiendis

110 1559 776 1623 Adiaphoris-&lraudulentis
800 1560 1168 1615 mutationibus,
1201 1573 1289 1613 eo,
1324 1562 1455 1624 quod
1478 1560 1906 1608 Interimisticarum
1932 1560 2328 1612 deliberationum

111 1624 213 1673 finis
238 1625 314 1681 fit,
348 1632 401 1672 ut*
412 1625 556 1671 totius
569 1624 1002 1689 Papatusimpietas
1016 1624 1310 1683 restituatur..
1344 1625 1536 1689 nejusta
1557 1624 1828 1689 dijudicatio
1851 1626 2104 1685 dod‘crinae,
2143 1642 2232 1675 nec
2257 1643 2329 1675 re-

112 1691 184 1742 ela
202 1691 477 1739 reformatio
490 1690 794 1740 Ecclesiarum
809 1691 1104 1756 expe&anda
1118 1692 1184 1740 fit.
1265 1694 1383 1741 Item
1401 1693 1516 1741 nibil
1530 1695 1716 1741 videtur
1731 1709 1892 1742 coram
1907 1696 2011 1742 Deo
2026 1697 2170 1743 tutius
2185 1696 2232 1745 ὅς
2245 1696 2329 1744 Ec-

113 1758 256 1806 cleliis
278 1758 434 1804 utilius
457 1756 574 1814 effe,
613 1774 754 1823 quam
775 1759 924 1806 nullas
948 1762 1145 1807 omnino
1170 1761 1460 1808 mutationes
1485 1758 1641 1808 facere
1660 1793 1675 1817 ,
1707 1769 1961 1824 antequam
1984 1769 2120 1810 certo
2145 1761 2329 1813 constet

112 1823 243 1890 posse
257 1824 330 1872 illa
346 1821 578 1871 subsistere
592 1858 606 1881 ,
642 1840 741 1890 quae
758 1826 1023 1873 mutatione
1037 1842 1163 1874 nova
1178 1829 1358 1875 iuveris
1374 1828 1655 1891 Adiaphoris
1670 1829 1998 1877 admittuntur.

279 1891 388 1939 Sine
406 1892 496 1938 hac
511 1892 796 1939 certitudine
811 1893 922 1940 nihil
935 1894 1022 1941 erit
1038 1895 1379 1942 mutationibus
1395 1897 1674 1943 tentandum
1689 1927 1702 1951 ,
1740 1911 1839 1959 quae
1855 1904 1956 1944 tum
1971 1894 2200 1954 Ecclesiae,
2221 1903 2326 1945 tum

111 1957 418 2024 Reipublicae,
431 1957 568 2008 valde
582 1958 848 2023 periculosae
861 1967 1016 2008 erunt.
1088 1963 1235 2028 Qod
1248 1960 1278 2008 fi
1299 1975 1416 2009 vero
1434 1961 1644 2011 Pastores
1660 1964 1985 2026 improbantes
2000 1964 2162 2011 noxias
2176 1972 2325 2012 muta-

112 2028 269 2075 tiones
283 2024 480 2073 Ecclesia
496 2023 779 2088 ejicerentur
795 2059 809 2084 ,
847 2026 982 2077 satius
998 2027 1086 2075 erit
1098 2037 1150 2076 ut
1165 2029 1403 2093 patiantur
1419 2028 1459 2077 se
1473 2026 1603 2093 ejici,
1638 2045 1778 2094 quam
1793 2039 1844 2077 ut
1857 2027 2084 2093 adjuvent
2098 2032 2328 2080 interimi-

113 2093 250 2142 sticos
265 2100 492 2150 conatuS,
531 2094 572 2140 se
589 2092 802 2157 polluant
826 2094 983 2142 alienis
1006 2097 1216 2160 peccatis
1239 2095 1287 2146 ὅ(
1310 2097 1517 2160 prodant
1543 2096 1716 2145 Christi
1737 2096 2015 2162 religionem
2041 2098 2324 2147 adversariis.

116 2161 411 2226 Qiaautem
424 2161 643 2208 novimus
658 2162 943 2210 adversarios
955 2161 1158 2226 Papistas
1182 2162 1273 2210 effe
1287 2165 1602 2228 improbiores
1615 2198 1629 2220 ,
1667 2164 1715 2214 ὃ(
1738 2164 2027 2228 superbiores
2053 2165 2100 2214 &
2119 2167 2322 2230 pertina-

113 2231 284 2284 ciores,
299 2243 440 2292 quam
457 2235 507 2275 ut
519 2235 672 2275 ratum
687 2227 892 2276 habituri
906 2228 1007 2286 sint,
1023 2229 1050 2276 fi
1065 2230 1175 2294 quid
1189 2229 1364 2279 utiliter
1377 2233 1424 2279 in
1439 2230 1602 2280 nostris
1618 2232 1826 2280 Ecclesiis
1841 2231 2165 2289 constituatur,
2179 2234 2291 2281 ldeo
2302 2267 2318 2292 ,

115 2303 311 2360 propter
323 2309 631 2350 communem
645 2296 952 2344 concordiam
971 2311 1080 2344 cum
1105 2296 1316 2345 Eccleliis
1330 2300 1465 2347 nobis
1488 2300 1534 2347 in
1549 2298 1761 2348 dotium
1782 2299 2021 2365 Evangelii
2037 2297 2322 2363 conjunctis,

116 2378 214 2410 non
229 2362 541 2410 recusabimus
556 2363 807 2413 admittere
822 2359 1097 2430 Adiaphora
1110 2365 1285 2416 vera&
1297 2368 1356 2415 ad
1369 2380 1509 2416 veros
1524 2366 1626 2415 usus
1638 2367 1685 2417 <Sc
1703 2365 1818 2416 fines
1830 2366 2006 2417 diretta
2018 2396 2032 2422 ‚
2069 2367 2219 2433 qualia
2236 2369 2325 2433 pri-

117 2444 199 2477 mo
215 2430 378 2476 ordine
397 2429 727 2481 recensuimus.

297 2494 555 2543 instaurent
569 2497 813 2545 adversarii
827 2498 949 2545 suam
963 2499 1259 2563 impietatem
1273 2499 1364 2549 line
1379 2501 1515 2549 nobis
1529 2531 1542 2555 ,
1580 2501 1609 2548 fi
1623 2501 1886 2565 persecutio
1900 2502 1947 2552 ὅ(
1960 2501 2153 2550 servitus
2166 2500 2320 2550 feren-

120 2564 177 2611 da
190 2560 254 2609 est
266 2591 279 2615 ,
316 2562 491 2609 feratur
505 2578 557 2609 ea
575 2562 664 2610 line
680 2563 1041 2614 labefattauone
1055 2567 1298 2632 Evangelii
1310 2567 1496 2616 CHristi
1510 2598 1525 2621 ,
1574 2585 1671 2616 non
1685 2568 1988 2617 offendantur
2002 2569 2089 2632 pii,
2121 2583 2209 2616 nec
2224 2567 2321 2616 effi-

68 2687 75 2693 ·
117 2630 266 2677 ciatur
279 2630 535 2693 ignominia
552 2629 736 2678 CHristi
758 2631 985 2689 Ecclefia,
1018 2648 1115 2681 non
1131 2643 1465 2698 corrumpatur
1484 2634 1697 2683 doetrina
1720 2632 1890 2684 Christi
1914 2634 2248 2699 Apostolorum
2270 2635 2320 2685 ὅς

118 2695 463 2760 Prophetarum
479 2729 491 2752 ‚
526 2698 626 2760 puri
640 2697 789 2745 cultus
803 2714 901 2745 non
916 2701 1317 2750 contaminentur.
1386 2703 1437 2750 In
1450 2717 1544 2767 quo
1559 2702 1820 2750 discrimine
1836 2717 1959 2749 nunc
1975 2703 2147 2766 ubique
2159 2701 2318 2750 Eccle-
2390 2723 2392 2725 ·

122 2762 189 2809 fiae
212 2763 259 2811 ὅ(
277 2762 564 2826 Respublicae
588 2764 855 2821 versentur,
893 2765 1057 2813 scimus
1076 2799 1091 2822 ,
1122 2767 1443 2832 velle-musque
1463 2770 1665 2817 libenter
1688 2768 1746 2817 lic
1769 2768 2006 2825 instituere
2028 2768 2166 2816 nostri
2188 2770 2321 2818 mini-

120 2827 240 2877 sterii
253 2831 459 2877 rationes
473 2863 485 2887 ,
524 2838 574 2877 ut
591 2830 797 2878 Ecclesiae
813 2830 980 2879 Christi
996 2833 1315 2895 prodessemus
1328 2836 1377 2884 ὅ(
1389 2836 1554 2884 nostrae
1567 2869 1581 2892 ,
1621 2835 1915 2900 aliorumque
1939 2836 2234 2884 conscientia:
2247 2851 2321 2884 re·

122 2895 196 2944 &e
208 2895 579 2949 consuleremus,
612 2898 886 2963 animosque
909 2897 1093 2946 nostros
1115 2915 1480 2965 praepararemus
1505 2904 1550 2950 in
1577 2918 1770 2950 omnem
1793 2911 2037 2954 eventum,
2104 2905 2215 2950 ideo
2240 2918 2320 2950 ne-

122 2961 359 3017 cessarium
370 2964 639 3027 putavimus
656 2964 717 3015 V.
731 2964 780 3011 P.
794 2964 995 3013 nostram
1008 2966 1285 3015 sententiam
1300 2982 1543 3032 exponere
1557 3003 1570 3026 ,
1609 2969 1657 3018 &
1671 2969 1872 3018 vestram
1892 2972 2024 3034 super
2036 2970 2322 3035 Adiapliori-

123 3029 189 3079 cis
212 3029 396 3090 audire,
429 3031 704 3096 animosque
727 3031 910 3084 nostros
931 3035 978 3085 in
1002 3033 1167 3162 unOViS
1192 3034 1402 3101 periculo
1426 3035 1582 3088 vestro
1602 3035 1780 3101 judicio
1802 3051 1863 3087 eo
1885 3037 2081 3088 validius
2106 3036 2326 3087 adversus

1051 3162 1059 3167 .
1492 3141 1495 3147 ·
2190 3119 2325 3171 quos-
