2554 3394
751 169 838 222 m.
871 170 1144 220 CONTRA
1177 170 1236 220 A.
1273 172 1566 224 OSIANDR
1576 172 1690 223 υΜ.
2250 135 2352 242 ιῃν

134 296 283 344 salvus
298 295 383 341 eris
396 322 408 344 ,
422 300 471 339 tu
485 323 499 346 ,
514 290 560 337 ὅ(
575 290 744 336 domus
761 298 855 336 tua.
925 290 982 337 Et
995 288 1142 337 locuti
1166 290 1271 337 sunt
1283 294 1326 340 ei
1341 293 1605 341 sermonem
1622 294 1735 350 Dei,
1769 293 1816 343 ὃ(
1831 295 2050 341 omnibus
2063 326 2077 351 ,
2110 294 2188 357 qui
2210 302 2347 342 erant

135 364 184 411 in
198 366 345 409 domo
369 357 467 422 ejus
493 355 599 403 Aet.
621 371 688 414 ¹3·
761 358 861 404 Cur
874 365 1032 403 autem
1046 358 1401 408 annunciabant
1414 362 1668 409 eiverbum
1684 360 1907 408 Domini?
1944 361 2090 408 Certe
2113 360 2236 408 nulla
2261 361 2348 408 alia

133 431 193 476 de
208 427 364 481 causa,
399 440 537 488 quam
555 433 605 472 ut
630 424 827 474 verbum
844 424 930 471 Dei
953 423 1250 488 reciperent,
1286 426 1334 475 in
1357 427 1697 477 annunciatum
1718 422 1959 475 Christum
1981 431 2261 486 crederent,
2299 428 2350 479 ὃς

131 496 224 544 fide
238 494 343 542 salvi
358 490 538 538 fierent.

301 558 648 606 Praedicationis
665 555 1023 621 Evangeliifinis
1037 555 1129 615 est,
1163 565 1217 604 ut
1241 562 1481 610 auditores
1507 561 1728 616 credant,
1765 561 1814 609 ὅ(
1843 559 1949 608 salvi
1973 558 2116 617 fiant,
2148 564 2196 611 ὅ(
2218 562 2346 610 Deus

131 629 194 677 sui
208 627 340 676 verbi
353 627 579 673 virtutem
593 626 636 671 in
651 625 714 671 eis
734 623 968 688 explicet,
989 623 1245 688 Apostolus
1277 627 1487 677 1.Tbess'.
1506 645 1548 678 2.
1585 637 1837 692 utrumque
1851 628 2012 674 tribuit
2025 628 2224 677 sermoni
2240 631 2346 684 Dei,

129 695 321 758 &quod
338 693 568 739 Dominus
590 691 812 756 perillum
828 691 1077 738 credentes
1095 690 1244 738 salvos
1259 691 1398 750 facit,
1434 697 1541 745 &in
1567 696 1868 742 credentibus
1887 696 2008 758 agit,
2046 696 2234 751 dicens,
2270 697 2372 759 Ju-.

129 759 451 810 daeioblistunt
466 760 628 812 nobis,
663 773 721 806 ne
738 758 1247 821 loquamur-gentibuS,
1283 774 1378 821 quo
1394 763 1501 808 salvi
1527 760 1666 818 fiant,
1699 762 1912 819 &addit,
1938 768 2053 808 'cum
2067 763 2347 826 acceperitis

131 829 395 877 sermonem
411 826 435 872 a
452 828 586 872 nobis
598 860 611 882 ,
651 841 746 889 quo
762 825 914 872 Deum
931 823 1174 872 discebatis
1189 854 1202 876 ‚
1240 840 1338 872 non
1354 827 1595 890 accepistis
1618 830 1884 876 sermonem
1897 829 2148 876 hominum
2163 863 2177 888 ,
2212 831 2286 877 sed
2302 829 2348 877 sr-

128 902 347 950 curerat,
381 907 493 939 vere
510 893 773 939 sermonem
790 892 903 946 Dei,
942 890 1082 956 qui&
1098 892 1195 955 agit
1210 893 1256 938 in
1273 894 1407 940 nobis
1424 894 1744 943 credentibus.

297 958 552 1024 Apostolus
567 967 731 1022 aperte
749 958 1056 1005 refellithanc
1080 959 1471 1023 imaginationem
1498 963 1556 1009 de
1582 971 1782 1009 externo
1807 963 1982 1020 verbe,
2019 965 2148 1028 quod
2174 964 2349 1014 interni

127 1030 258 1080 verbi
270 1025 541 1076 vehiculum
557 1023 633 1081 fit,
669 1025 716 1073 ὅ(
740 1023 957 1072 inefficax
973 1025 1109 1073 sonus
1122 1057 1135 1082 ,
1160 1041 1214 1073 ac
1230 1026 1380 1073 sermo
1395 1029 1439 1075 in
1455 1036 1562 1076 aere
1577 1029 1877 1077 evanescens,

298 1096 423 1140 Nam
437 1093 584 1138 docet
598 1093 683 1138 Dei
700 1092 965 1140 sermonem
983 1093 1067 1139 Dei
1084 1094 1310 1140 virtutem
1326 1093 1416 1140 esse
1432 1125 1443 1146 ‚
1468 1098 1525 1142 ad
1542 1095 1733 1143 salutem
1747 1096 1875 1143 omni
1890 1097 2099 1145 credenti
2114 1127 2127 1149 ,
2152 1112 2241 1160 qua
2271 1097 2346 1146 sal-

123 1177 212 1209 vos
228 1162 339 1209 facit
353 1161 604 1207 credentes
616 1191 629 1214 ,
652 1159 760 1208 &in
776 1160 839 1206 eis
857 1175 938 1223 per
954 1160 1162 1223 spiritum
1179 1158 1384 1207 faustum
1401 1160 1658 1209 efficaciter
1672 1164 1780 1225 agit.
1857 1164 1952 1227 Qi
1967 1165 2088 1212 hanc
2104 1165 2347 1222 virtutem,

126 1230 407 1292 dignitatem
431 1226 480 1274 <Sc
502 1225 701 1289 gloriam
727 1228 1014 1273 annunciato
1029 1228 1177 1274 verbo
1207 1227 1291 1273 Dci
1314 1227 1603 1284 detrahunt,
1640 1230 1959 1294 Anabaptistis
1976 1231 2085 1280 sacri
2110 1233 2348 1281 ministerii

121 1293 421 1343 Ecclesiastici
437 1294 852 1356 contemptoribus
878 1291 1099 1339 fenestras
1114 1293 1249 1340 latius
1264 1301 1490 1356 aperunt,
1529 1295 1576 1344 ὅ(
1591 1295 1814 1343 furiosum
1836 1305 2169 1362 contemptum
2187 1301 2349 1363 praedi-

119 1361 321 1410 cationis
344 1358 637 1421 Evangelicae
653 1391 667 1413 ,
705 1359 752 1406 ὅ(
769 1356 1043 1405 sacrosanEti
1070 1358 1308 1407 ministerii
1323 1359 1571 1408 stabilIunt.

293 1427 456 1474 Virtus
471 1426 600 1472 verbi
618 1425 702 1472 Dei
718 1426 923 1472 sonantis
938 1426 982 1471 in
998 1424 1200 1472 Ecclesia
1215 1425 1280 1474 est
1295 1456 1308 1479 ‚
1347 1435 1398 1474 ut
1411 1429 1663 1476 credentes
1685 1428 1729 1476 in
1745 1427 1936 1476 Christo
1949 1428 2059 1493 JEsu
2088 1428 2346 1490 illuminet,

120 1496 350 1546 redimat,
385 1490 691 1547 reconciliet,
729 1489 966 1552 vivificet,
1015 1491 1272 1540 sandiificet
1295 1526 1308 1548 ,
1344 1491 1593 1556 justificet,
1632 1497 1735 1542 Deo
1761 1497 1806 1543 in
1842 1498 1976 1544 nobis
1999 1497 2345 1547 habitationem

122 1568 381 1626 praeparet,
421 1559 603 1618 servet3
638 1559 709 1604 De
725 1559 813 1604 hac
828 1559 1004 1605 virtute
1019 1559 1258 1622 praedicati
1274 1562 1404 1608 verbi
1431 1562 1544 1617 Dei,
1582 1562 1835 1626 Apostolus
1853 1562 1994 1611 Rom.
2020 1579 2054 1609 ι.
2109 1564 2344 1630 loquitur,

122 1643 222 1676 non
235 1629 294 1673 de
308 1624 481 1673 vivo&
503 1634 681 1670 aeterno
698 1624 789 1672 Dei
808 1626 988 1680 verbo,
1023 1626 1153 1687 quod
1181 1626 1476 1675 incarnatum
1501 1628 1591 1685 est,
1631 1645 1721 1677 nec
1746 1630 1804 1677 de
1829 1631 2061 1682 invilibili‚
2098 1632 2146 1680 ὅ(
2169 1643 2345 1684 aeterna

121 1695 209 1742 Dei
224 1692 446 1746 essentia,
482 1692 684 1754 Deoque
699 1690 820 1755 ipso,
869 1706 958 1737 nec
971 1691 1029 1738 de
1044 1701 1224 1739 aeterno
1244 1693 1403 1756 aliquo
1428 1697 1577 1743 verbo
1593 1729 1606 1752 ,
1642 1699 1772 1761 quod
1797 1706 1999 1744 externo
2023 1699 2248 1748 inclusum
2264 1706 2342 1751 ad-

93 1808 97 1810 ,
120 1760 231 1809 ferri
245 1759 461 1822 fingitur,
500 1757 577 1803 sed
591 1761 649 1802 de
664 1757 764 1820 ipso
779 1757 1036 1820 Evangelio
1055 1760 1183 1822 quod
1200 1759 1391 1809 ministri
1406 1763 1599 1809 Domini
1614 1763 1662 1812 ὅ(
1685 1763 2012 1829 mysteriorum
2034 1765 2119 1814 Dei
2141 1784 2343 1818 oecono-

110 1827 186 1875 ''mi
201 1824 426 1874 sonant&
443 1824 712 1887 praedicant.
783 1824 893 1871 Hoc
908 1824 1217 1887 Evangelium
1233 1859 1247 1882 ,
1285 1828 1381 1875 hoc
1397 1830 1595 1877 verbum
1611 1831 1724 1888 Dei,
1771 1848 1866 1880 non
1892 1833 2012 1881 aliud
2029 1864 2044 1892 ,
2082 1834 2129 1883 ὅ(
2153 1837 2238 1883 Dei
2253 1839 2340 1885 vir-

118 1903 194 1942 tus
209 1895 265 1939 ad
281 1890 475 1940 salutem
490 1891 619 1937 omni
635 1891 866 1942 credenti.
934 1892 1070 1947 Hoc,
1111 1893 1302 1956 inquam
1320 1924 1333 1946 ‚
1371 1899 1567 1943 verbum
1582 1897 1645 1945 est
1664 1900 1750 1947 Dei
1767 1915 2006 1964 organon,
2038 1917 2133 1965 quo
2158 1904 2203 1950 in
2227 1905 2339 1967 JEsu

118 1959 306 2008 Christo
323 1992 336 2015 ,
361 1958 623 2005 mediatore
637 1957 950 2005 &liberatore
963 1957 1122 2005 nostro
1138 1992 1152 2016 ,
1172 1975 1246 2007 res
1259 1964 1317 2008 ad
1332 1961 1522 2009 salutem
1540 1965 1767 2029 promiss'ae
1783 1969 2099 2032 dispensantur
2115 1970 2340 2020 Ecclefiae.

27 2066 32 2069 .
117 2028 230 2076 Hoc
247 2027 442 2075 verbum
458 2023 521 2071 est
535 2022 642 2070 fidei
655 2024 770 2071 illius
788 2021 1029 2087 objmstum
1042 2059 1055 2082 ,
1091 2041 1198 2090 quae
1214 2025 1502 2091 adjustitiam
1519 2034 1653 2080 nobis
1667 2036 1927 2098 imputatur
1943 2066 1956 2087 ‚
1991 2036 2065 2083 seu
2083 2034 2338 2101 quajustifi-

116 2109 279 2142 camur
292 2094 415 2156 apud
431 2092 600 2138 Deum.
670 2092 885 2139 Verbum
901 2093 1137 2140 internum
1155 2109 1239 2158 per
1253 2103 1504 2144 externum
1517 2097 1708 2147 allatum
1724 2135 1736 2158 ,
1775 2104 1886 2165 quid
1902 2103 2131 2167 qualeque
2147 2104 2222 2162 fit,
2253 2108 2332 2155 vix

116 2159 419 2223 intelligitur,
458 2157 535 2204 nisi
547 2159 728 2204 dicatur
752 2160 882 2222 quod
897 2158 948 2206 fit
962 2161 1104 2208 animi
1122 2161 1350 2224 persuasio
1380 2167 1530 2212 verbo
1548 2169 1802 2229 praedicato
1818 2171 1865 2217 in
1891 2171 2125 2219 mentibus
2151 2175 2338 2222 audito-

117 2243 221 2276 rum
237 2227 442 2274 excitata
458 2260 471 2283 ,
505 2234 585 2274 aut
606 2240 732 2272 nova
745 2226 884 2272 animi
902 2227 1068 2273 notitia
1084 2260 1097 2283 ,
1132 2243 1231 2275 non
1246 2228 1435 2279 essentia
1450 2232 1814 2296 Deijustificans.

288 2294 503 2341 Verbum
521 2294 635 2351 Dei,
674 2293 801 2358 quod
815 2291 1022 2342 minister
1036 2294 1124 2343 Dei
1139 2295 1297 2352 sonat,
1332 2298 1380 2347 ὅ(
1395 2302 1632 2349 auditores
1646 2303 1875 2359 audiunt,
1911 2305 2146 2369 recipiunt
2168 2306 2215 2355 <Sc
2236 2322 2332 2355 cre·

116 2363 260 2416 dunt,
295 2376 395 2408 non
410 2361 495 2407 alia
509 2362 568 2407 de
589 2362 723 2408 causa
738 2361 803 2408 est
818 2363 905 2410 Dei
918 2364 1065 2411 virtus
1077 2396 1091 2420 ,
1131 2378 1270 2428 quam
1291 2370 1419 2429 quod
1434 2367 1485 2414 fit
1499 2369 1592 2432 ipsa
1607 2370 1695 2417 Dei
1709 2373 1882 2419 veritas
1895 2404 1909 2426 ,
1943 2387 2051 2419 curn
2068 2373 2154 2419 Dei
2166 2373 2330 2422 volun-

115 2436 214 2476 tate
228 2428 276 2475 ὅ(
288 2428 639 2490 omnipotentia
653 2428 908 2491 conjuneia
922 2459 936 2483 ‚
974 2445 1074 2495 quae
1089 2447 1186 2479 non
1203 2432 1357 2495 potest
1371 2450 1470 2482 non
1494 2435 1565 2483 illa
1578 2437 1797 2485 conferre
1810 2472 1823 2496 ,
1863 2454 1964 2503 quae
1989 2440 2112 2487 Deus
2126 2439 2371 2503 loquitunss

113 2495 161 2544 δι
174 2495 437 2559 promittit,
468 2495 638 2542 &ideo
653 2497 766 2543 dicit
779 2496 942 2544 Paulus
957 2533 969 2550 ,
998 2496 1140 2545 fidem
1156 2498 1360 2548 nostram
1376 2500 1466 2548 effe
1482 2504 1526 2549 in
1540 2507 1757 2568 potentia
1772 2506 1856 2553 Dei
1882 2521 1917 2554 r.
1933 2505 2055 2552 Petri
2079 2522 2114 2552 1.
2163 2522 2198 2555 1.
2214 2507 2330 2557 Cor.

117 2577 161 2610 2.
228 2563 494 2626 Qomodo
509 2568 666 2608 autem
685 2563 771 2608 Dei
787 2565 986 2611 verbum
1002 2565 1090 2612 Dei
1105 2568 1322 2629 potentia
1337 2567 1388 2616 fit
1401 2571 1460 2616 ad
1476 2570 1667 2618 salutem
1682 2576 1811 2620 omni
1827 2574 2063 2627 credenti,
2086 2573 2132 2622 ὅ(
2147 2574 2330 2626 animos

116 2627 334 2691 purificet
349 2628 620 2674 obediendo
637 2629 823 2676 veritati
838 2645 922 2693 per
936 2631 1142 2693 spiritum
1160 2632 1366 2682 sancitum
1381 2668 1396 2691 ,
1430 2636 1687 2686 collatione
1702 2640 2032 2705 scripturarum
2047 2639 2181 2689 facile
2194 2643 2325 2693 intel·

115 2695 194 2760 ligi
208 2691 360 2759 potest
375 2728 389 2750 ,
425 2695 631 2742 humana
646 2697 938 2758 cogitatione
953 2699 1300 2762 comprehendi
1323 2718 1420 2749 non
1436 2704 1606 2767 potest.

285 2761 413 2809 Sicut
436 2762 666 2809 Dominus
689 2777 774 2826 per
798 2764 997 2812 verbum
1023 2764 1151 2813 suum
1178 2770 1427 2826 credentes
1453 2771 1689 2819 visibiliter
1710 2770 1886 2820 sanavit
1910 2778 2129 2837 ternpore
2154 2777 2239 2825 suae
2261 2780 2327 2829 di-

117 2827 440 2891 spensationis:
477 2830 545 2876 Ita
559 2831 701 2877 etiarn
722 2830 904 2895 semper
916 2832 1416 2894 spirituali&invisil>ili
1442 2839 1589 2885 modo
1606 2852 1717 2886 vere
1742 2838 1894 2895 sanat,
1931 2839 2170 2900 vivificat,
2203 2843 2326 2908 justi-

116 2894 253 2951 ficat,
288 2893 564 2953 sancitificat,
598 2897 816 2954 redimit,
852 2897 1069 2947 &servat
1088 2901 1366 2957 credentes,
1407 2903 1469 2950 Ut
1483 2903 1776 2962 ostenderet,
1812 2907 1853 2953 se
1877 2905 1934 2953 iic
1957 2908 2203 2959 hominem
2229 2911 2326 2979 lap-

115 2961 211 3009 sum
226 2963 272 3009 in
285 2961 473 3009 Christo
488 2962 608 3010 velle
615 2961 867 3026 justificare
881 2998 896 3022 ,
919 2964 1171 3013 restaurare
1186 2966 1234 3016 ὃ(
1248 2967 1421 3017 salvare
1434 3004 1447 3026 ,
1459 2967 1591 3033 juffit
1603 2972 1907 3037 Evangelium
1923 2976 2159 3037 praedicari
2174 2982 2326 3030 omni·

42 3061 56 3065 „
117 3029 201 3077 bus
216 3029 461 3095 gentibus,
493 3029 569 3090 ὃς,
606 3040 658 3082 ut
670 3030 873 3081 Psalmus
889 3032 980 3095 ait,
1011 3031 1132 3083 mifit
1154 3036 1352 3084 verbum
1379 3036 1536 3099 suurn,
1572 3038 1620 3090 δε
1641 3040 1817 3092 sanavit
1834 3056 1945 3098 eos,
1979 3042 2028 3093 ὅ(
2052 3044 2223 3112 eripuit
2239 3063 2322 3097 eos

1349 3099 1417 3191 3·
2260 3117 2321 3164 de
