2554 3394
222 172 318 225 286
361 192 365 193 ⁷
479 159 973 216 WITIEBEBGENS.
1012 155 1366 208 RESPONSIO
1395 158 1494 210 AD
1524 160 1721 220 EPISTt
1752 158 2093 211 HAMBURG.

224 306 315 355 que
338 292 384 337 in
408 291 685 341 hodiernam
712 285 836 330 diem
859 279 1107 327 Ecclesiam
1129 277 1315 326 CHristi
1339 279 1482 324 docet
1504 279 1551 325 ὅ(
1577 281 1871 327 corroborat.
1933 279 2091 327 Satius
2116 278 2180 326 est
2192 260 2424 350 fortunaS‚

224 373 425 421 corpora
449 356 496 403 ὅς
520 360 673 400 coetus
697 351 884 414 piorum
909 348 1109 403 turbari,
1145 361 1285 409 quam
1310 343 1618 391 conscientias
1643 344 1691 392 ὅ(
1715 346 1934 408 Spiritum
1949 345 2192 407 Sanctum..

391 437 647 503 Spiritualis
673 435 747 483 ille
771 434 905 498 lupus
927 463 942 487 ‚
975 433 1001 479 i.
1017 448 1059 481 e.
1079 431 1303 479 Diabolus
1322 435 1401 476 aut
1415 428 1548 476 falsus
1572 423 1754 473 1)οᾶοΥ
1774 440 1871 471 non
1898 427 2021 489 prius
2055 429 2253 476 devorat
2276 443 2422 478 ovem

223 505 434 563 CHristi,
470 520 610 569 quarn
637 505 683 550 in
705 503 862 549 animo
887 501 928 547 ei
951 497 1119 546 assensa
1137 497 1229 554 est,
1272 496 1449 544 facilius
1472 503 1632 542 autem
1657 490 1899 539 assentitur
1921 495 2022 539 ovis
2044 494 2154 558 lupo
2170 528 2184 552 ,
2220 511 2329 543 cum
2356 498 2425 544 vi-

221 578 304 623 det
327 573 573 636 proprium
596 569 835 617 Pastorem
853 566 952 630 jam
979 567 1136 613 facere
1162 563 1416 612 amicitiam
1444 577 1553 610 cum
1578 560 1709 624 lupe,
1748 558 1795 607 ὅ(
1818 573 1957 605 canes
1978 558 2189 608 latrando
2203 577 2310 609 eum
2328 579 2426 610 non

220 640 417 705 amplius
440 639 652 687 accusare
676 669 690 695 ,
729 634 902 701 quamsi
915 632 1100 683 vidisset
1125 633 1172 681 δι
1197 629 1436 679 Pastorem
1458 629 1507 678 ὅ(
1531 641 1672 676 canes
1695 624 1811 673 serio
1835 624 1949 689 lnpo
1969 624 2225 675 refistentes
2255 629 2426 694 aliquid

221 710 334 776 pati.

394 781 672 833 Veriffimus
698 782 838 846 igitur
865 780 947 839 est,
981 781 1108 846 quod
1129 778 1190 828 illi
1213 776 1436 826 Ecclefias
1466 776 1696 830 deserant,
1721 774 1799 837 qui
1823 772 1899 821 vel
1925 775 2067 838 impia
2089 776 2312 840 dogmata
2327 791 2429 841 per-

221 856 441 904 tinaciter
464 853 737 914 seqvuntur,
768 849 845 897 vel
860 865 968 896 cum
993 844 1192 912 poffint,
1227 854 1307 892 aut
1332 846 1475 892 etiarn
1501 841 1662 890 officio
1689 843 1895 888 debeant
1925 840 2042 890 serio
2066 841 2185 907 lupis
2209 843 2428 901 refistere;

218 923 336 971 muti
361 934 502 968 canes
525 917 660 974 fiunt,
698 925 778 964 aut
799 931 891 981 prae
918 924 1049 963 metu
1077 930 1184 962 cum
1210 911 1329 977 lupis
1356 926 1523 977 pacem
1548 910 1743 978 faciunt.
2121 938 2126 939 ν

392 1004 490 1067 Qi
514 1016 632 1050 vero
657 999 774 1064 lupis
799 1001 942 1048 etiam
966 1000 1140 1064 aliquas
1161 999 1384 1049 fenestras
1403 997 1461 1049 ’δε
1480 996 1648 1062 januas
1669 999 1886 1063 aperiunt
1910 998 1939 1044 ii
1965 996 2092 1045 ovile
2115 998 2307 1045 Domini
2320 1012 2428 1061 pro·

2514 0 2548 50 ὲκ·

2533 258 2554 336 ’τὴν
2519 51 2554 250 {wa-v

223 1074 341 1120 dunt
364 1109 377 1130 ‚
413 1071 555 1117 etiam
582 1068 609 1114 si
632 1082 798 1115 omnes
821 1066 889 1116 isti
912 1069 958 1116 in
983 1070 1141 1117 medio
1166 1068 1322 1133 gregi-s
1345 1067 1540 1114 Domini
1563 1081 1784 1131 magnam
1807 1063 1958 1112 casam
1982 1064 2445 1122 haberent‚&nun-·

219 1155 360 1205 quam
380 1138 486 1188 inde
510 1137 806 1185 recederent,

391 1223 426 1268 E
450 1228 614 1268 contra
642 1219 701 1266 illi
728 1235 825 1267 non
852 1218 1070 1268 deserunt
1090 1218 1341 1268 Ecclefiam
1367 1251 1381 1276 ,
1420 1217 1495 1265 sed
1529 1216 1740 1265 Ecclefiae
1764 1217 1959 1273 adsunt,
1986 1216 2063 1280 qui
2091 1215 2168 1280 pia
2198 1217 2426 1281 dogmata

219 1294 500 1356 salvuntur,
533 1287 581 1336 ὅ(
603 1286 820 1334 Eclesiam
844 1287 891 1335 ὅ(
916 1286 1195 1350 religionem
1219 1295 1320 1334 tum
1345 1286 1545 1341 orando,
1569 1293 1669 1332 tum
1694 1285 1934 1340 docendo,
1968 1291 2070 1330 turn
2092 1283 2301 1339 exilium,
2317 1299 2426 1348 pau·
2451 1345 2454 1346 ⁷

219 1365 481 1423 pertatem,
516 1354 823 1417 ignominiam
847 1353 895 1400 ὃς
921 1369 1212 1416 quaecunque
1249 1353 1368 1398 mala
1400 1354 1675 1412 acciderunt
1694 1383 1708 1405 ‚
1746 1351 1987 1411 patiendo,
2012 1358 2112 1396 tum
2139 1350 2188 1398 ὃς
2219 1366 2427 1412 quacun-

221 1440 312 1490 que
335 1423 418 1471 alia
438 1421 619 1468 ratione
643 1417 831 1483 possunt
852 1419 1140 1476 defendunt,
1174 1419 1232 1465 ab
1255 1417 1570 1478 omnibusque
1592 1417 1827 1462 erroribus
1850 1415 1897 1462 ὃ(
1923 1429 2133 1460 errorum
2161 1416 2423 1479 conspicuis

224 1489 546 1540 occasionibus
581 1493 773 1533 tuentur
807 1485 985 1531 etiamsi
1026 1484 1209 1546 fingulis
1243 1484 1374 1529 annis
1412 1483 1661 1542 aliquoties
1684 1482 1740 1525 ab
1768 1479 1965 1526 Ecclesia
1990 1480 2120 1529 &rex
2147 1481 2234 1528 suis
2256 1483 2425 1529 laribus

223 1573 372 1624 usque
394 1558 445 1606 in
467 1554 669 1603 mediam
693 1551 913 1599 Turciam
937 1552 984 1599 in
1005 1550 1195 1597 exilium
1218 1548 1507 1613 pellerentur
1531 1546 1579 1593 ὃ(
1600 1544 1939 1608 relegarentur.

634 1669 908 1740 Impreffurn
934 1670 1246 1736 Magdeburgi
1283 1683 1367 1732 per
1409 1665 1699 1717 MIcha'elem
1724 1665 2014 1715 Lottherum

866 1761 869 1763 ’
1272 1767 1415 1814 1549-

2176 2896 2417 3031 Qut?
