2554 3394
813 132 902 182 IV.
935 130 1212 182 CONTRA
1246 128 1574 181 MAIOREM.
1705 146 1708 149 ·
2227 142 2290 175 22
2303 143 2321 177 1

103 264 513 357 Sententia
543 254 1052 352 Decentium
1071 260 1150 350 in
1180 256 1522 350 Ecclefia
1544 252 2036 360 Lubeccnfi‚
2081 259 2326 345 Ham-

195 376 530 474 burgensi,
594 374 1111 471 Luncburgenfi‚
1180 368 1761 471 Magdeburgenfi,
1824 367 1902 437 de
1940 369 2275 441 doctrina.

267 515 271 519 ,
631 467 950 531 necessitatis
970 467 1244 525 bonorum
1256 484 1484 541 operum
1495 464 1560 522 ad
1573 464 1801 521 salutem.

331 676 1732 750 operibuslegislmininesjustilicantur&salvifiunt‚Rom.
1754 691 1792 736 3.
1828 672 1934 727 Gal.
1953 690 1994 721 2.
2033 674 2149 736 Eph.
2169 689 2215 721 2.

467 749 561 814 Qi
580 745 1016 797 docenthominem
1041 747 1133 794 sola
1154 747 1244 792 fide
1263 741 1534 807 justificari,
1570 746 1618 794 ὅ(
1647 753 1805 791 tamen
1832 743 2160 796 contendunt,
2197 741 2330 803 quod

180 882 221 930 ss'
327 830 472 930 ospera
487 820 611 866 bona
625 815 877 868 necessaria
892 815 975 863 sint
988 815 1044 862 ad
1060 814 1277 868 salutem,
1310 811 1680 861 cont1·adi6toria
1704 819 1917 876 ponunt,
1952 823 2053 874 quae
2078 807 2206 856 timul
2229 823 2330 855 non

108 897 174 949 po
217 891 340 931 unte
381 899 406 931 e
430 898 559 932 vera.
633 922 637 926 .

279 950 507 1014 justitiam
523 952 573 1001 ὅ(
589 949 781 998 salutem
808 951 1015 999 tribuere
1035 947 1233 997 solifidei
1249 981 1262 1005 ,
1296 946 1361 995 est
1376 947 1710 997 eamadimere
1724 946 1945 1010 operibus
1959 978 1972 1002 ,
2008 944 2058 993 ὅ(
2080 957 2256 1007 negare
2276 958 2331 990 ο-

106 1017 500 1132 pigraadstsalutem
516 1017 606 1067 effe
622 1017 901 1076 necessaria,
938 1026 1107 1067 contra
1131 1016 1362 1082 posterius
1386 1012 1646 1075 affirmare,
1679 1014 1745 1063 est
1771 1028 1944 1078 negare
1963 1013 2212 1061 hominem
2237 1010 2333 1059 sola

78 1135 81 1137 ,
175 1098 200 1130 e
221 1101 274 1148 Ju
318 1085 478 1133 ilicari.

105 603 410 859 Unum
424 611 488 662 est
503 612 807 662 neceffiirium
824 613 881 660 ad
897 612 1087 660 salutem
1102 645 1115 669 ,
1132 611 1250 658 Luc.
1274 624 1342 656 xo.
1377 610 1483 657 Sola
1498 609 1589 658 fide
1603 606 1900 657 in'Christum
1917 621 1976 654 ex
1990 606 2138 670 gratia
2150 606 2327 670 absque
2392 636 2396 640 -

280 1152 326 1200 Si
342 1167 504 1200 verum
526 1152 618 1210 est,
655 1153 901 1202 hominem
918 1152 1077 1201 salvari
1093 1150 1187 1200 sola
1204 1149 1321 1206 fide,
1360 1148 1524 1197 falsum
1540 1148 1603 1196 est
1624 1148 1871 1196 hominem
1896 1147 2055 1197 salvari
2082 1162 2178 1194 non
2203 1143 2334 1211 posse
2428 1190 2431 1192 .

108 1218 280 1284 absque
294 1221 515 1284 operibus
533 1222 683 1270 bonis,
766 1219 921 1268 Sihoc
939 1235 1104 1269 verum
1119 1218 1209 1271 est,
1246 1217 1359 1264 illud
1374 1218 1537 1264 talsum
1553 1214 1644 1263 effe
1661 1214 1844 1263 neceffe
1869 1215 1948 1263 est.
2019 1211 2229 1263 Christus
2250 1215 2336 1262 do-

113 1295 218 1346 cet,
245 1302 390 1335 unum
424 1286 730 1334 necessarium
761 1291 819 1334 ad
850 1287 1056 1336 salutern
1127 1284 1431 1332 Contradicit
1460 1298 1576 1346 ergo
1600 1281 1789 1329 Christo
1822 1316 1837 1339 ,
1891 1284 2093 1347 quisquis
2132 1280 2336 1329 affirmat.

111 1369 260 1419 opera
295 1357 352 1401 ad
380 1353 571 1401 salutem
600 1353 853 1400 necessaria
887 1352 994 1399 effe.
1068 1353 1194 1399 Nam
1216 1350 1244 1397 fi
1275 1365 1422 1414 opera
1449 1348 1704 1397 necessaria
1720 1350 1849 1405 sunt,
1885 1351 1977 1397 iam
1992 1365 2089 1396 non
2104 1364 2251 1396 unum
2267 1347 2334 1396 est

110 1419 447 1475 necessarium,
485 1420 563 1468 sed
587 1421 760 1480 multa,
783 1416 1359 1470 &Christusinsimulatur
1372 1418 1633 1476 mendacii,
1661 1417 1901 1483 quiunum
1915 1414 2005 1464 effe
2028 1414 2337 1465 necessarium

114 1491 407 1554 pronuntiat.

285 1553 734 1603 Audire&credere
759 1552 1019 1617 Evangelio
1042 1551 1212 1600 Christi
1227 1586 1242 1610 ,
1275 1553 1373 1600 hoc
1393 1552 1504 1600 illud
1526 1567 1675 1600 unum
1696 1551 1762 1600 est
1788 1550 2095 1601 necessarium
2110 1581 2124 1606 ,
2162 1553 2222 1599 de
2241 1566 2340 1615 quo

113 1621 324 1687 loquitur
337 1620 574 1670 Christus:
614 1621 771 1669 Unum
789 1620 996 1686 opponit
1017 1621 1174 1681 multis
1199 1636 1252 1667 ac
1274 1621 1465 1684 quidem
1489 1622 1707 1668 omnibus
1732 1621 1970 1684 operibus.
2038 1621 2267 1668 Auditum
2292 1619 2343 1670 <Sc

112 1687 257 1738 fidem
271 1688 511 1753 Evangelii
526 1689 662 1752 ponit
675 1695 841 1736 contra
859 1702 1019 1751 opera.
1092 1688 1200 1734 Fert
1213 1689 1340 1734 enim
1356 1687 1636 1735 sententiam
1650 1688 1709 1735 de
1725 1689 1873 1736 Maria
1888 1688 2109 1736 audiente
2123 1689 2341 1746 verbum,

103 1755 164 1806 ‘ac
183 1755 242 1804 de
257 1756 444 1805 Martha
459 1763 691 1820 operante
705 1756 752 1804 ὃς
766 1756 1005 1820 satagente
1021 1754 1147 1803 circa
1167 1754 1382 1821 plurima·

287 1828 388 1873 Aut
401 1824 543 1889 igitur
557 1822 768 1873 Christus
783 1825 1012 1871 mentitur
1025 1855 1038 1880 ‚
1078 1824 1155 1888 qui
1169 1824 1281 1870 dicit
1297 1824 1442 1870 unum
1456 1820 1550 1869 effe
1564 1821 1867 1870 necessarium
1882 1854 1897 1879 ‚
1930 1829 2010 1871 aut
2024 1824 2346 1880 mentiuntur,

118 1896 200 1962 qui
215 1895 517 1943 contendunt
529 1892 676 1940 multa
690 1925 705 1949 ,
736 1893 833 1939 boc
848 1889 913 1938 est
926 1923 941 1949 ,
976 1904 1124 1956 opera
1138 1888 1229 1939 effe
1241 1887 1495 1939 neceffaria
1509 1891 1564 1937 ad
1578 1890 1785 1938 salutern.
1855 1889 1930 1938 Est
1941 1900 2100 1939 autem
2113 1892 2242 1941 Deus
2257 1907 2345 1942 ve-

119 1979 232 2023 rax,
269 1962 424 2011 omnis
445 1961 597 2008 homo
612 1961 835 2008 mendax.
1317 1971 1324 1975 ”
1918 1977 1921 1981 ·

292 2029 460 2077 Unitas
483 2028 692 2076 excludit
704 2026 1058 2076 multitudinem
1071 2058 1084 2083 ‚
1107 2026 1311 2074 Auditus
1327 2025 1373 2076 ὃ(
1387 2024 1523 2074 Fides
1535 2026 1668 2074 verbi
1684 2040 1829 2091 opera
1843 2041 2136 2091 quaecunque
2148 2059 2163 2086 ‚
2198 2043 2348 2093 quan-

120 2108 225 2151 tum
248 2100 307 2147 ad
321 2096 472 2145 salutis
487 2098 731 2162 pertinent
746 2091 1085 2143 necessitatem.
1433 2095 1448 2098 ”
1466 2094 1501 2099 “”

295 2186 458 2236 Unum
482 2181 790 2232 necessarium
809 2215 825 2240 ,
864 2181 946 2230 etfi
969 2196 1068 2233 non
1092 2178 1303 2229 excludit
1326 2178 1488 2228 Fidem
1509 2178 1557 2229 ὅ(
1582 2179 1886 2227 Sacramenta
1901 2212 1916 2238 ‚
1960 2187 2122 2229 tamen
2141 2181 2351 2231 excludit
2400 2154 2402 2158 .

127 2273 441 2372 opera‘Voce
463 2316 570 2369 Sola
581 2318 628 2367 in
640 2315 1209 2380 doEtrinajustificationis
1232 2329 1332 2367 non
1346 2313 1535 2364 excludi
1551 2328 1723 2380 opera,
1754 2314 1950 2363 utFides
1966 2313 2244 2365 &Verbum
2263 2326 2352 2381 pet

127 2409 234 2443 eam
247 2394 592 2440 removeantur
605 2419 621 2443 ,
652 2385 817 2434 falsum
837 2385 917 2433 est.

306 2472 432 2520 Nam
448 2469 506 2516 ad
520 2466 629 2516 illud
646 2482 794 2516 unum
809 2462 1116 2517 necessarium
1129 2464 1433 2531 requiruntur
1454 2460 1650 2514 Verbum
1661 2496 1688 2521 ‚‚
1708 2462 1842 2511 Fides
1857 2462 1904 2511 ὅ(
1917 2462 2240 2514 Sacramenta*

300 2556 419 2604 Haec
433 2556 593 2602 omnia
604 2568 752 2601 unum
773 2552 1134 2617 quodammodo
1148 2551 1254 2599 sunt
1269 2552 1314 2598 in
1322 2548 1673 2614 justificatione.
1744 2548 1909 2611 Opera
1930 2549 2104 2595 addere
2118 2581 2133 2606 2
2176 2546 2243 2598 est
2263 2547 2359 2598 Le·-

41 2679 49 2686 ,
133 2640 246 2692 gem
263 2624 312 2674 ὅ(
333 2621 640 2687 Evangelium
656 2620 878 2677 miscere,
909 2619 959 2669 ὅ(
982 2616 1502 2684 Evangeliido&rinam
1528 2623 1820 2681 pervertere.

303 2709 472 2760 Paulus
487 2727 512 2756 a
520 2705 856 2772 justificatione
878 2706 928 2756 ὅ(
943 2704 1088 2754 salute
1102 2705 1312 2755 excludit
1324 2704 1479 2770 legem
1493 2704 1541 2755 ὅ(
1555 2719 1701 2770 opera
1718 2703 1791 2752 his
1805 2702 2042 2769 particulis
2053 2709 2193 2753 utens
2205 2735 2224 2763 ,
2254 2699 2358 2772 abs-'-

121 2796 228 2850 ¹gua·
245 2777 457 2846 operibus
460 2789 551 2843 per
553 2774 732 2842 fidem,
765 2775 909 2839 gratis
924 2772 972 2823 ὅ(
986 2771 1222 2823 similibus.

304 2859 475 2911 Paulus
489 2877 604 2925 ergo
618 2861 853 2911 subscribit
866 2857 1057 2909 Christo
1071 2859 1276 2915 dicenti,
1316 2856 1473 2905 Unum
1484 2851 1885 2923 estnecqffarium,
1916 2856 1960 2905 Si
1976 2872 2122 2924 opera
2137 2859 2359 2909 docenda

137 2933 242 2983 sunt
255 2929 506 2981 necessaria
525 2929 790 2978 adsalutem
805 2961 819 2986 ,
857 2943 956 2976 non
971 2924 1225 2975 consistunt
1237 2924 1497 2976 exclufivae.
1566 2926 1652 2974 His
1671 2923 1896 2973 stantibus
1910 2927 2004 2975 ruit
2018 2925 2239 2974 inclusiva
2253 2942 2357 2992 quae

136 2999 296 3052 statuit
307 3010 511 3065 operum
521 2993 849 3052 neceffitatem
872 2996 931 3046 ad
943 2993 1139 3046 salutem
1159 2989 1412 3125 homgies⁴3
1453 2994 1528 3043 Ad
1539 2993 1684 3047 Rom,
1696 3010 1741 3057 4.
1767 2994 1997 3060 disputat,
2032 2995 2366 3113 ΑΙπειὶιειιτιὲιιιὶτιιἸι
