2554 3394
239 221 332 272 ¹84
696 279 698 282 .
794 197 1107 260 heeaentm‘iss
1131 197 1214 248 ber
1238 196 1463 252 Birthan
1493 209 1551 257 31⁸
1574 194 1862 262 hamburg.
2266 252 2267 255 Ἴ

242 342 389 391 opera
410 358 423 380 ,
456 302 554 384 qnuae
578 317 848 380 praecedunt
868 312 1273 374 justificationem,
1308 312 1355 356 in
1376 326 1472 356 non
1496 311 1694 364 renatis,
1727 310 1802 355 sed
1824 310 1964 355 etiam
1979 315 2080 371 quae
2107 301 2441 369 seqvuntur,&

240 388 550 454 injustificatis
566 386 689 429 Deus
716 388 938 444 operatur
966 380 992 423 a
1010 376 1340 439 justificatione
1358 408 1372 430 ,
1405 391 1494 437 qua
1519 390 1680 421 coram
1706 375 1810 419 Deo
1832 373 1937 436 justi
1963 375 2114 421 sumus
2141 371 2190 419 ὅ(
2209 368 2440 416 asenten-
2498 367 2524 425 J}

242 460 303 504 tia
330 449 738 502 condemnationis
765 445 1044 492 absolvimur
1067 476 1081 499 ,
1127 455 1377 489 removere
1404 449 1628 502 oportet,
1663 453 1723 484 ne
1754 442 1865 501 quid
1888 442 1959 492 his
1995 440 2272 491 ascribatur,
2309 432 2440 498 quod
2501 433 2514 487 .‘

241 522 332 570 sola
360 516 529 573 Christi
549 515 694 578 gratia
719 514 765 560 <Sc
792 511 957 557 merita
983 509 1059 556 fibi
1085 509 1353 556 vendicant.
1420 508 1561 553 Ratio
1588 520 1684 550 non
1711 505 1848 550 novit
1875 503 2009 551 aliam
2035 504 2272 567 justitiam,
2299 513 2440 563 quam

241 601 440 651 operum
467 584 514 631 ὅ(
539 581 831 645 propriarum
854 577 1087 650 yirtutum
1112 608 1125 631 ,
1164 575 1360 636 gratiam
1386 573 1469 618 Dei
1496 572 1543 619 &
1568 571 1675 617 fidei
1694 567 1918 632 justitiam
1943 570 2156 634 ignorat,
2179 561 2441 632 sapientiffi·

238 657 301 702 mi
324 651 578 699 secundum
600 646 829 691 rationem
846 641 1071 703 justitiam
1095 656 1293 703 operum
1332 637 1679 686 conseritantur.
1849 687 1853 691 ,
2503 628 2528 684 ³,ss

402 712 740 778 Apostolorum
764 719 982 771 tempore
1006 707 1086 753 etsi
1113 706 1245 753 multi
1269 705 1480 753 conversi
1503 718 1562 750 ex
1586 701 1822 766 Judaismo
1847 701 1905 748 ad
1928 697 2100 748 Christi
2124 692 2266 748 fidem
2299 696 2438 744 statu·
2502 701 2532 748 Ἄ

240 793 375 832 erent
397 783 437 829 se
453 776 689 841 justificari
720 775 811 821 fide
846 790 929 838 per
963 773 1079 821 illius
1101 775 1326 837 gratiam,
1365 771 1480 834 legis
1515 780 1675 816 tamen
1710 767 2093 815 observationem
2131 766 2178 814 ὃ(
2201 766 2437 828 praecipue
2468 797 2477 806 .
2513 790 2522 816 -,,

244 846 642 899 circumcisionem
666 840 965 889 necessariam
989 839 1080 887 esse
1107 842 1163 885 ad
1191 840 1382 885 {alutem
1409 837 1783 884 contendebant.
1853 835 1950 897 Qi
1977 832 2130 880 nostra
2153 838 2290 879 aetate
2314 830 2438 876 inter
2502 879 2506 886 f

241 913 523 964 adversarios
548 908 727 956 nostros
752 909 1008 964 habentur,
1043 907 1220 952 caeteris
1243 905 1460 951 meliores
1485 903 1681 965 gratiam
1708 903 1796 948 Dei
1826 900 1874 949 ὅ(
1897 900 2004 947 fidei
2033 896 2254 960 justitiam
2276 896 2442 942 admit·
2502 931 2505 936 f
2529 903 2531 906 ⁴

243 991 348 1030 tunt
375 980 592 1043 quidem,
618 990 762 1038 opera
788 983 949 1021 tamen
975 973 1230 1019 admiscent
1253 971 1410 1018 [altem
1433 986 1491 1016 ea
1508 1003 1520 1026 ,
1562 984 1663 1033 quae
1695 968 1873 1014 faciunt
1901 964 1999 1028 jam
2026 962 2277 1028 justificati.
2350 961 2463 1006 Lus

238 1050 364 1097 brica
387 1044 638 1092 admodum
664 1043 761 1087 haec
788 1040 851 1087 est
871 1041 960 1094 via,
998 1040 1130 1086 nimis
1152 1037 1296 1084 facilis
1322 1038 1370 1085 &
1395 1035 1679 1100 periculosus
1705 1033 1769 1080 est
1792 1033 1939 1096 lapsus
1962 1041 2014 1079 ut
2039 1033 2226 1094 agratia
2250 1027 2306 1073 ad
2320 1041 2440 1090 ope·

238 1132 287 1163 ra
309 1114 526 1161 homines
561 1105 825 1156 deflet'cant.
916 1106 1174 1169 permagna
1211 1105 1350 1165 igitur
1373 1117 1493 1167 opus
1516 1101 1580 1149 est
1602 1101 1852 1166 prudentia
1875 1132 1889 1157 ,
1927 1107 1979 1146 ut
2002 1098 2213 1146 doctrina
2245 1092 2355 1140 fidei
2373 1093 2441 1139 in-

240 1190 422 1245 tegram
448 1175 694 1226 &illaesam
720 1174 848 1219 omni
879 1172 1027 1218 studio
1056 1172 1403 1220 conservemus.
1854 1162 1856 1165 ’
1938 1202 1941 1205 .

413 1243 625 1291 Ofiandri
650 1240 900 1304 disputatio
937 1243 994 1284 de
1012 1236 1346 1300 justificatione
1389 1237 1452 1282 ita
1483 1241 1808 1299 *attemperata
1831 1231 1915 1286 est,
1951 1244 2150 1293 eamque
2174 1227 2318 1275 habet
2343 1225 2441 1290 spe-

241 1316 362 1362 ciem
386 1344 400 1366 ,
436 1326 487 1357 ac
512 1310 540 1355 sl
562 1309 781 1369 ope-ribus
806 1303 919 1352 nihil
943 1304 1149 1366 prorsus,
1190 1306 1350 1349 omnia
1392 1305 1550 1364 gratiae
1585 1303 1632 1349 ὅ(
1666 1300 1842 1347 meritis
1883 1297 2054 1346 Christi
2102 1297 2318 1343 deferat:
2387 1293 2439 1339 In
2523 1331 2528 1338 .

237 1377 562 1445 pronunciatis
587 1374 671 1420 suis
695 1373 916 1418 concedit
939 1370 1087 1428 fidem
1110 1370 1201 1415 dici
1226 1368 1547 1431 qualitatatem
1564 1399 1578 1422 ,
1611 1368 1869 1412 dummodo
1893 1360 2086 1411 vicissim
2115 1359 2438 1414 concedatur,

243 1462 343 1493 non
357 1443 445 1490 effe
468 1440 738 1505 qualitatem
765 1436 1022 1484 naturalem
1047 1436 1120 1482 seu
1155 1432 1498 1481 Aristotelicam
1515 1466 1530 1486 ,
1584 1434 1657 1477 {ed
1683 1428 2074 1494 supernaturalem
2099 1427 2126 1473 a
2152 1429 2257 1473 Deo
2282 1427 2329 1471 in
2354 1439 2438 1471 no-

190 1514 194 1515 ’
243 1515 312 1561 bis
331 1513 599 1557 excitatam.
670 1502 925 1567 objectum
952 1501 1059 1548 fidei
1085 1501 1367 1564 pronunciat
1390 1498 1479 1548 effe
1506 1497 1742 1544 Christum
1767 1528 1780 1550 ,
1818 1511 1914 1544 non
1938 1509 2099 1556 opera.
2171 1495 2222 1538 In
2250 1491 2440 1537 confes-

244 1580 371 1627 sione
398 1578 452 1622 lt.
480 1573 570 1621 Ult.
605 1573 831 1632 admonet
850 1567 1071 1631 justitiam
1097 1567 1143 1614 ὃ(
1179 1580 1323 1628 opera
1362 1564 1436 1610 seu
1461 1563 1636 1609 frufims
1660 1559 1844 1621 justitiae
1872 1559 2187 1606 secernendos
2223 1556 2313 1602 effe
2340 1555 2441 1602 dili-
2464 1559 2467 1561 ’

242 1640 519 1710 gentiffime.
590 1638 775 1685 Crebro
802 1636 908 1681 illud
923 1636 1095 1697 repetit
1123 1664 1136 1687 ,
1169 1631 1297 1694 quod
1331 1631 1492 1677 divina
1534 1638 1698 1674 natura
1738 1625 1788 1672 sit
1813 1624 1966 1672 nostra
1983 1623 2157 1687 justitia
2179 1655 2193 1679 ,
2230 1624 2339 1686 quid
2361 1622 2436 1668 hic

240 1718 321 1760 dat
346 1707 593 1772 operibus?
630 1704 728 1766 quis
756 1703 830 1748 hic
858 1701 1105 1762 suspicetur
1125 1705 1204 1744 aut
1228 1705 1410 1743 metuat
1435 1695 1694 1759 periculum
1720 1690 1907 1748 subesse,
1937 1706 1995 1738 ne
2011 1687 2183 1752 justitia
2198 1688 2304 1736 fidei
2329 1703 2437 1735 cum

231 1776 407 1843 justitia
422 1787 620 1836 operum
633 1768 1008 1821 commisceatur,
1031 1766 1078 1813 <Sc
1095 1774 1254 1811 tamen
1269 1764 1497 1811 delabitur
1510 1764 1566 1808 ad
1590 1775 1749 1824 opera.
1806 1757 2034 1806 Tractans
2057 1757 2114 1803 de
2130 1754 2289 1803 officio
2304 1754 2442 1801 Chri-

241 1845 293 1892 sti
315 1838 585 1889 mediatoris
613 1836 751 1883 nostri
776 1869 789 1892 ,
823 1833 1084 1896 interponit
1110 1830 1311 1878 nostram
1336 1830 1668 1876 obedientiam.
1759 1825 2035 1874 Mediatoris
2063 1822 2202 1869 nostri
2227 1819 2437 1868 officium
2507 1839 2512 1878 2

240 1913 337 1959 hoc
363 1907 427 1954 est
445 1941 458 1960 ,
491 1906 639 1967 inquit
673 1902 775 1958 ille,
811 1909 862 1948 ut
896 1902 1047 1946 Deum
1073 1900 1205 1945 nobis
1229 1898 1505 1943 reconciliet
1531 1929 1544 1951 ,
1581 1895 1659 1957 qui
1696 1909 1783 1940 nos
1808 1893 2118 1955 accipiat‘pro
2132 1888 2231 1936 filiis
2246 1887 2366 1942 suis,¹
2390 1885 2440 1934 ὃς
2512 1879 2514 1881 ’

242 1993 331 2026 nos
353 1971 596 2037 justificet,
634 1979 683 2016 ut
705 1970 806 2015 Deo
832 1968 1108 2013 obedientes
1133 1964 1178 2012 ὅ(
1205 1964 1444 2026 placentes
1468 1963 1514 2009 in
1539 1977 1649 2008 vera
1675 1958 1850 2023 justitia
1884 1959 1931 2006 ὅε
1966 1957 2206 2005 sanctitate
2239 1953 2437 2000 omnino

241 2038 666 2104 irreprehensibiles
685 2035 835 2082 fimus.
906 2035 954 2079 In
976 2031 1249 2078 definitione
1268 2030 1452 2092 justitiae
1469 2044 1613 2092 opera
1638 2027 1788 2074 nostra
1812 2027 2086 2074 committit.
2139 2025 2262 2070 Nam
2284 2022 2345 2068 ita
2360 2021 2439 2065 de-

243 2111 347 2159 finit
369 2106 604 2170 justitiam.
675 2103 785 2149 Hoc
811 2100 999 2165 proprie
1030 2095 1424 2159 diciturjustitiae,
1463 2097 1589 2159 quod
1611 2110 1696 2141 nos
1721 2095 1887 2140 incitat
1910 2095 1966 2138 ad
1981 2089 2099 2153 juste
2125 2088 2359 2153 agendum
2386 2085 2436 2134 ὅ(

246 2178 338 2225 sine
360 2190 454 2237 quo
481 2187 568 2218 nec
585 2168 693 2232 justi
716 2167 805 2215 effe
829 2200 840 2223 ‚
874 2181 961 2217 nec
983 2164 1098 2227 juste
1123 2167 1283 2211 vivere
1309 2161 1562 2226 possumus.
1630 2162 1731 2223 jam
1760 2156 2050 2206 manifestum
2079 2155 2168 2211 est,
2201 2154 2328 2218 quod
2349 2166 2435 2199 nos

245 2246 405 2293 divina
430 2247 592 2286 natura
614 2234 757 2299 justos
779 2236 918 2288 iacit,
956 2239 1121 2278 monet
1136 2232 1181 2278 &
1196 2232 1358 2277 incitat
1373 2231 1531 2276 nos-ad
1545 2227 1813 2274 faciendum
1830 2260 1843 2280 ,
1865 2240 1964 2289 quae
1979 2221 2092 2286 justa
2116 2223 2231 2269 sunt.
2511 2224 2517 2228 “

426 2307 566 2354 Liber
588 2302 882 2366 Augustanus
906 2296 1198 2361 adjustitiam
1225 2294 1532 2345 inhaerentcm
1560 2297 1684 2340 viam
1710 2293 1784 2339 fibi
1804 2291 1978 2344 sternit,
2005 2285 2436 2352 praemittenshane

247 2374 590 2426 definitionem.
687 2367 941 2432 justificare
964 2365 1028 2412 cst
1052 2380 1109 2411 ex
1134 2362 1299 2426 injusto
1334 2361 1503 2425 justum
1539 2362 1707 2408 facere.
1811 2359 2141 2406 Tridentinum
2165 2351 2436 2401 Concilium
2478 2364 2482 2365 ’

203 2482 205 2484 .
241 2443 567 2493 ‘Anathemate
590 2438 782 2485 damnat
805 2432 1159 2486 definitionem,
1194 2432 1321 2493 quod
1338 2428 1588 2491 justificare
1614 2428 1663 2473 sit
1682 2425 1854 2487 justum
1879 2424 2188 2488 pronunciare
2213 2419 2258 2468 ὅ(
2284 2420 2439 2466 remit-

247 2518 346 2558 tere
359 2515 571 2572 peccata.
642 2508 830 2551 Annon
849 2499 976 2548 reita
997 2499 1167 2546 eodem
1190 2497 1340 2542 tendit
1367 2494 1579 2542 Osiandri
1601 2487 1861 2543 confeffio5
1914 2489 2073 2536 statuit
2098 2488 2296 2534 eandem
2321 2483 2436 2530 defi-

249 2579 507 2624 nitionem,
542 2573 591 2621 δε
613 2578 755 2634 negat
773 2566 1035 2631 justificare,
1059 2566 1102 2611 id
1117 2561 1224 2618 effe,
1247 2564 1373 2624 quod
1389 2561 1454 2608 est
1470 2559 1645 2623 justum
1673 2558 1987 2622 pronunciare
2008 2556 2055 2603 ὅ(
2077 2554 2316 2600 remittere
2331 2565 2436 2613 pec-

249 2651 379 2698 cata,
415 2640 582 2688 alicubi
608 2638 650 2685 se
673 2638 774 2684 satis
797 2637 975 2699 aperit,
1021 2632 1179 2680 &non
1193 2627 1553 2680 dissimulantes,
1593 2627 1668 2673 sed
1684 2626 1784 2672 satis
1809 2620 2018 2686 expresse
2033 2620 2194 2667 adserit
2215 2614 2435 2677 justitiam
2521 2673 2525 2676 γ

249 2709 467 2760 infusam,
505 2709 649 2755 verba
664 2701 761 2766 ejus
785 2704 831 2749 B.
861 2719 904 2761 4.
938 2701 1037 2747 haec
1061 2699 1179 2745 sunt.
1261 2697 1384 2756 Deus
1425 2711 1511 2741 nos
1535 2693 1634 2740 vult
1661 2690 1912 2755 justificare
1947 2703 2030 2752 per
2065 2685 2204 2732 fidem
2229 2684 2274 2728 in
2299 2679 2440 2729 Chri·
2518 2703 2524 2706 ·

250 2775 366 2823 stum
383 2806 396 2830 ,
437 2775 532 2820 hoc
557 2772 648 2822 est,
667 2768 814 2833 justos
838 2769 1022 2821 facere,
1059 2765 1150 2812 sive
1172 2759 1392 2826 justitiam
1418 2761 1680 2809 infundere„
1747 2759 1854 2804 Huc
1879 2755 2026 2819 plenis
2054 2750 2168 2797 velis
2204 2748 2349 2796 fertur
2366 2745 2438 2810 ju·

249 2841 368 2890 stitia
391 2840 653 2888 inhabitans
667 2870 681 2894 ,
700 2852 839 2901 quarn
856 2832 1091 2881 Christum
1106 2830 1194 2877 esie
1220 2831 1471 2877 secundum
1486 2830 1692 2875 divinam
1710 2834 1921 2879 naturam
1938 2817 2209 2881 persuadere
2225 2823 2437 2861 conatur.
2520 2811 2532 2824 “

249 2908 483 2970 Congerit
509 2905 675 2953 multas
700 2902 948 2951 sententias
971 2899 1204 2962 scripturae
1226 2930 1240 2953 ,
1284 2912 1384 2959 quae
1406 2894 1666 2958 loqvuntur
1700 2892 1757 2937 de
1782 2885 1967 2944 Christo
1999 2880 2242 2929 habitante
2267 2881 2313 2926 in
2337 2894 2434 2926 cre-
2532 2927 2536 2935 r

252 2975 496 3028 dentibus,
533 2973 609 3019 hic
635 2972 813 3031 prorsus
840 2968 907 3015 rei
944 2967 1063 3013 ordo
1105 2965 1354 3011 invertitur
1375 2994 1389 3018 ,
1422 2960 1647 3024 posterius
1673 2958 1829 3020 priore
1851 2985 1865 3006 ‚
1901 2952 2037 3013 prius'
2057 2947 2300 3012 posteriori
2328 2946 2437 2992 loco

255 3042 446 3103 ponitur
464 3070 478 3095 ,
515 3053 575 3085 ex
599 3035 838 3085 effectibus
863 3035 912 3084 ἃ
930 3033 1067 3082 donis
1091 3028 1358 3094 conjunffls
1383 3045 1492 3077 curn
1525 3022 1856 3089 justificatione
1887 3016 1999 3065 facit
2030 3015 2212 3064 causam
2234 3011 2437 3060 efficien-

484 3127 489 3131 ,
2335 3087 2434 3126 tem
