2554 3394
905 172 993 225 IV.
1028 173 1292 227 CONTRA
1327 173 1656 231 MAIOREM.
2255 197 2357 259 249
2396 207 2403 216 ’

123 317 254 350 marn
275 296 696 364 conjunffionem‚
754 296 1343 362 communicationemque
1374 313 1490 348 cum
1527 304 1750 353 omnibus
1783 306 1914 357 reete
1934 290 2246 364 sentientibus
2276 313 2354 381 κῖη

123 363 397 438 ὄρθὀποδὲσι
432 366 510 414 seu
533 357 667 412 recito
691 364 816 429 pede
845 364 1178 414 incedentibus
1200 365 1458 416 secundum
1477 370 1736 420 veritatem
1754 374 1998 442 Evangelii
2021 378 2226 430 CHristi.

299 435 447 501 Qod
468 432 701 496 reliqvum
726 446 854 480 nunc
876 430 969 490 est,
1005 448 1194 482 oramus
1216 441 1327 482 toto
1349 434 1547 500 pe&ore
1576 438 1735 486 Deum
1766 449 1954 503 patrem
1986 447 2182 496 Domini
2206 452 2355 504 nostri

124 503 237 569 JEsu
261 500 477 555 CHristi,
515 509 568 548 ut
592 499 707 547 ficut
738 501 876 548 nobis
912 501 1105 550 tradidit
1138 499 1404 550 dostrinam
1436 503 1486 554 &
1510 505 1718 555 formam
1741 507 1980 569 Ecclefiae,
2019 529 2105 577 per
2128 516 2355 581 postremi

121 570 263 634 hujus
291 569 522 634 temporis
562 566 751 617 Heliam
790 565 1054 617 Do&orem
1085 568 1230 620 Marti
1253 566 1519 620 Lutherum
1553 574 1613 621 ab
1637 574 1919 625 Antichristi
1954 581 2274 644 impietatibus
2302 588 2356 640 ὅς

117 637 422 687 idolomaniis
444 643 766 702 repurgatam,
799 636 864 683 ita
890 638 1093 685 eandem
1118 637 1255 686 nobis
1276 638 1334 685 ab
1360 635 1574 702 ejusdem
1595 642 1828 705 contagio
1852 643 1902 694 <Sc
1925 650 2354 711 tyrannide‚&nos

118 705 170 753 in
191 721 303 755 vera
328 703 428 770 ejus
452 703 545 752 fido
569 697 625 753 ac
648 699 945 752 confeffione
968 703 1233 755 clementer
1257 712 1449 754 tueatur
1477 706 1528 757 &
1549 706 1708 757 servet
1729 724 1743 754 ε
1821 710 2014 763 Reddat
2045 717 2190 783 etiam
2226 722 2357 784 piam

119 774 433 822 concordiam
457 765 742 822 docentibus
771 787 827 820 ac
851 772 1137 821 discentibus
1156 773 1205 820 in
1227 771 1457 832 Ecclesia,
1482 789 1594 833 eos,
1620 778 1702 841 qui
1724 778 1774 824 in
1803 781 2008 830 ver-itate
2031 782 2353 849 perstiterunt,

27 868 31 871 -
120 839 393 899 confirmet,
416 848 627 889 errantes
651 841 850 887 reducat
872 841 922 888 in
947 842 1091 898 viam,
1105 840 1255 905 lapsos
1279 841 1447 904 erigat,
1468 840 1635 892 fulciat
1656 844 1876 894 labentes
1901 865 1914 895 ε
1981 849 2206 917 Denique
2222 871 2355 906 com.

34 3031 106 3039 Ἃ

109 3092 113 3099 ›

118 908 353 957 monstret
371 909 594 957 omnibus
618 908 756 956 nobis
779 907 828 956 <Sc
850 907 1074 973 largiatur
1093 907 1219 974 ipse,
1264 915 1318 957 ut
1336 924 1450 960 vera
1467 909 1758 960 ,defletorum
1783 916 2028 978 agnitione
2048 934 2105 967 ac
2126 921 2355 986 depreca-

118 975 278 1033 tione,
313 977 360 1023 in
384 974 575 1023 Christo
611 976 878 1024 mediatore
913 974 1195 1044 effugiamus
1220 984 1478 1030 venturam
1502 978 1640 1047 super
1663 978 1787 1034 filios
1806 982 2143 1042 inubedient'iae
2160 990 2281 1042 iram
2300 993 2353 1044 iu

115 1038 210 1095 hac
232 1043 354 1095 &in
375 1044 534 1096 futura
565 1043 678 1094 vita.-
731 1046 910 1097 Amen-0

369 1135 588 1187 Nicolaus
617 1135 791 1192 Gallus,
838 1138 899 1186 ad
922 1138 1101 1192 Divum
1120 1139 1424 1193 Huidricum'

363 1201 652 1266 Sebastianus
683 1205 938 1255 Wernerm.

366 1270 585 1322 Albertm
614 1268 916 1335 Christianus.

365 1339 518 1388 Lucas
540 1336 820 1405 Rostnthal,
862 1342 921 1388 ad
943 1342 1117 1393 Divum
1141 1344 1434 1404 johannem*

278 1435 280 1437 -
362 1402 605 1453 Chiliamos
637 1404 916 1457 Fridericus.

363 1469 636 1530 Joachimm
658 1470 808 1523 Bohn.
910 1493 913 1496 s

262 1566 265 1572 -
288 1564 291 1565 ν
360 1536 579 1596 Joannes
601 1538 768 1587 Meier.

360 1602 630 1663 Joachimzos
665 1604 1042 1674 Wolterstorpim,
1079 1612 1139 1660 ad
1163 1610 1341 1663 Divum
1366 1614 1623 1678 Jacobum.'

366 1670 512 1722 Ottho
552 1670 738 1722 Ohmes.

362 1738 643 1804 Henningus
664 1741 847 1791 Freden
866 1778 884 1798 ,
917 1746 977 1794 ad
1009 1745 1183 1798 Divam
1201 1747 1530 1801 'Catharinanm

358 1803 578 1865 *Joannes
602 1809 772 1858 Conon.

366 1869 630 1937 Ambr‘ostus
652 1874 939 1941 Hizjfhldius,
975 1883 1034 1929 ad
1054 1882 1099 1930 S.
1126 1882 1342 1932 Petrum.

365 1941 621 1991 Martinus
634 1941 890 2008 Lastherus.

362 2007 581 2067 Joannes
601 2010 948 2076 Baumgartem
987 2017 1046 2064 ad
1073 2017 1123 2067 S.
1143 2017 1368 2082 Spirtum.

363 2074 727 2128 Bartholonzaeus
750 2079 1091 2147 Holtzhaufi’n.
1142 2104 1145 2107 ·

361 2141 579 2199 Joannes
599 2147 717 2202 Rex,
752 2150 812 2196 ad
835 2150 1013 2199 Divum
1037 2150 1376 2208 Sebastianum

361 2208 562 2267 Jacobm
584 2213 871 2271 Praetorius,
903 2219 951 2266 in
978 2219 1181 2268 Ecclesia
1213 2204 1551 2289 Neapol'itanass
1616 2223 1796 2293 Singuli
1830 2224 2037 2294 pastores
2060 2229 2112 2284 ὃ(
2143 2230 2340 2288 Μίηἰίῖτὶ

567 2284 773 2348 propriis
793 2285 1007 2335 manibus
1039 2287 1419 2356 subscripserunt.

266 2407 783 2534 EXEpistola
807 2419 902 2509 A.
931 2419 1030 2509 V.
1069 2419 1536 2516 concionat:
1573 2391 2206 2555 Luneburgens

1000 2569 1004 2573 ·
1051 2533 1134 2605 ad
1179 2535 1531 2634 Illyricum

117 2613 436 2759 Quicquid
461 2639 621 2683 autem
646 2632 784 2701 hujus
808 2637 935 2688 facio
951 2646 974 2695 ',
1011 2641 1059 2689 id
1084 2658 1146 2693 eo
1167 2644 1223 2695 fit
1251 2679 1266 2705 ,
1303 2654 1358 2696 ut
1380 2649 1527 2698 etiam
1549 2650 1642 2700 hac
1665 2665 1772 2700 mea
1794 2666 1939 2701 manu
1960 2651 2182 2704 testatum
2205 2652 2345 2706 relius

278 2715 447 2764 quam,
479 2703 593 2766 quid
617 2704 675 2750 de
699 2703 898 2770 Majoris
919 2708 1152 2775 dogmate
1175 2713 1402 2774 sentiam,
1433 2716 1550 2767 lieet
1580 2721 1640 2767 de
1667 2720 1902 2769 sententia
1936 2720 2093 2771 nostra
2125 2738 2186 2772 ex
2209 2739 2341 2774 com-

116 2766 339 2814 munibus
364 2766 508 2817 literis
532 2769 1040 2842 subscriptionibusque
1065 2778 1125 2828 T.
1150 2781 1214 2834 H.
1242 2784 1420 2832 certior
1450 2783 1573 2835 facita
1595 2786 1663 2839 fit.
1731 2787 1969 2838 Divinitus
1991 2790 2121 2840 enim
2142 2807 2231 2840 nos
2257 2793 2341 2841 ad-

114 2834 300 2882 moveri
321 2833 433 2883 senfi
453 2851 515 2884 eo
542 2838 639 2903 ipso
666 2840 760 2894 die,
798 2857 894 2907 quo
917 2848 1166 2896 communi
1188 2849 1491 2902 ecclesiarum
1518 2853 1678 2904 libello
1701 2854 2068 2922 subscripsimus,
2092 2865 2146 2908 ut
2167 2872 2340 2926 cavea-

114 2913 220 2948 mus
242 2903 378 2951 nobis
403 2905 460 2953 ab
478 2902 597 2963 istis·,
635 2909 713 2972 qui
733 2909 880 2959 hodie
904 2911 1011 2970 sunt
1031 2915 1153 2964 adeo
1175 2917 1407 2985 bilingues
1432 2922 1481 2970 in
1503 2920 1718 2972 doctrina
1741 2925 1934 2989 pietatis
1955 2926 2158 2977 &caulis
2181 2926 2340 2994 religi-

117 2967 235 3016 onis,
305 2969 432 3020 Nam
451 2988 561 3023 cum
581 2983 784 3025 vocatus
811 2980 860 3029 in
883 2980 1116 3046 templum
1149 2983 1292 3034 effem
1322 3020 1338 3045 ,
1373 2995 1430 3037 ut
1451 2989 1743 3056 baptizarem
1778 3007 1980 3059 puerum
1999 3027 2030 3053 ,.
2049 2995 2237 3045 oblatus
2268 2994 2341 3044 est

116 3033 235 3085 mihi
257 3036 409 3089 infans
433 3039 862 3097 valde'monstroso
887 3064 989 3111 ore,
1010 3066 1107 3117 quo
1130 3053 1748 3133 conspeetomaximopere
1768 3061 2208 3130 perhorrescebam.
2247 3066 2339 3112 Ex-

1321 3118 1368 3187 ῧ
1390 3137 1406 3179 t
2204 3132 2336 3185 tabat
