2554 3394
817 156 906 207 [ν.
939 154 1218 206 CONTRA
1252 152 1582 206 MAIOREM.
2237 174 2332 232 241

112 233 2335 260 Μὴ

108 280 364 327 taminibus
386 277 539 326 sanam
553 271 820 322 do&rinan1
843 273 890 321 in
915 271 1125 321 Ecclefiis
1149 271 1316 321 nostris
1332 272 1603 329 sonantem,
1638 273 1911 325 constanter
1934 275 2152 325 adversus
2172 291 2339 328 omues

19 361 31 369 Χ
109 346 371 395 inferorum
391 352 550 410 portas
566 343 908 398 desenderent,
940 341 1431 407 eamqueinviolatam
1445 342 1726 390 retinerent.
1795 343 2029 393 Premitur
2042 353 2172 393 certe
2183 344 2342 394 Eccle-

111 413 169 461 sia
182 414 285 462 satis
301 413 477 461 duriter
505 409 839 474 multiplicibus
854 418 997 473 atque
1013 409 1278 458 crudelibus
1303 408 1707 474 persecutionibus
1723 443 1738 467 ‚
1770 413 1985 476 exagitur
2005 411 2121 461 falsis
2142 414 2342 478 dogma-

110 483 169 530 tis
182 481 373 545 aliisque
389 478 545 527 multis
570 478 910 525 calamitatibus
929 478 1171 534 obruitur,
1210 479 1333 524 adeo
1358 477 1503 525 etiam
1528 485 1582 526 ut
1605 479 1823 528 videatur
1845 479 1955 527 illud
1978 487 2165 546 tempus
2189 479 2341 530 adesse

114 566 211 616 quo
242 552 331 612 (ut
346 548 497 612 inquit
512 545 722 593 Christus
737 545 830 610 ipse
847 546 869 606 )
904 546 1048 592 etiam
1064 543 1202 593 eleffi
1216 577 1230 601 ,
1266 544 1294 590 si
1309 542 1408 591 fieri
1424 544 1576 609 posset
1589 578 1603 603 ,
1640 547 1688 593 in
1703 546 2050 594 dubitationem
2065 550 2341 598 inducereti-

114 627 206 669 tur.
278 619 441 681 Atque
457 616 520 661 ob
543 616 587 661 id
611 629 737 661 nunc
751 615 966 660 omnium
986 614 1190 660 maxime
1206 613 1252 658 in
1277 610 1477 660 Ecclefia
1491 615 1774 661 docentium
1790 614 2046 661 concordia
2070 631 2189 678 opus
2203 616 2316 665 esset
2328 646 2344 672 .

112 702 223 734 cum
238 688 537 750 experiamur
552 698 651 729 non
672 682 718 728 in
734 697 824 728 una
847 681 1047 745 regione
1061 712 1075 736 ,
1115 680 1310 727 civitate
1325 677 1400 727 vel
1416 679 1529 728 loco
1547 680 1694 728 solum
1710 714 1723 738 ,
1746 681 1822 728 sed
1839 683 1963 745 proh
1978 681 2116 729 dolor
2129 716 2142 739 ,
2165 683 2210 729 in
2227 685 2339 736 mul-

113 754 171 801 tis
187 754 331 812 locis;
369 753 425 799 Et
440 765 535 797 non
553 763 730 814 paucos
746 749 886 796 etiam
903 765 927 794 a
943 747 1145 795 Diabolo
1162 747 1398 794 excitatos
1414 746 1505 795 effe
1519 763 1572 795 ac
1589 748 1779 796 subinde
1795 750 2012 806 excitari,
2045 752 2123 815 qui
2152 750 2230 797 sub
2246 752 2343 816 spe-

113 822 187 869 cie
202 821 412 869 veritatis
433 818 744 882 pietatisque,
784 811 1254 864 contumeliofiffimis
1281 814 1488 876 scriptis,
1524 816 1945 880 disputationibus,
1984 826 2125 883 atque
2150 820 2345 866 concio-

115 890 279 942 nibus,
314 884 648 950 Evangelicam
670 882 936 931 do&rinam
952 915 967 940 ,
989 883 1052 932 ·&
1066 883 1257 947 quidem
1278 883 1644 932 fundamentum
1666 884 1920 934 christianae
1934 885 2171 950 religionis
2187 920 2201 944 ,
2241 887 2347 937 arti-

115 956 278 1004 culum
302 953 473 1003 scilicet
503 951 843 1016 justIficationis
863 981 879 1007 ‚
924 947 1223 1000 audacissime
1247 959 1619 1018 oppugnarunt,
1655 952 1707 1003 ὅ(
1728 954 1883 1002 adhuc
1904 955 1989 1002 suis
2014 954 2232 1003 arietibus
2255 970 2341 1020 op·

153 1039 180 1072 u
219 1032 348 1071 nane

116 1041 148 1090 p
184 1039 214 1088 g
288 1089 565 1153 Hacitaque
580 1088 638 1135 de
654 1087 787 1136 causa
804 1121 816 1144 ‚
854 1102 914 1134 ne
930 1087 1032 1135 satis
1049 1086 1213 1134 misere
1236 1085 1404 1135 afflifita
1419 1086 1593 1136 Christi
1606 1086 1799 1136 ecclesia
1821 1091 2010 1152 gravius
2040 1090 2182 1137 etiam
2207 1106 2232 1137 a
2256 1105 2343 1138 vo-

118 1158 290 1206 bismet
302 1157 404 1222 ipsis
417 1157 761 1220 exagitaretur,
797 1157 1012 1203 omnium
1028 1154 1234 1202 maxime
1250 1156 1347 1203 hoc
1363 1164 1585 1220 tempore
1599 1158 1658 1203 ab
1672 1156 1805 1204 omni
1820 1159 2189 1206 contentionum
2204 1173 2346 1222 gene·

116 1240 167 1272 re
181 1226 438 1273 abhorrere
463 1239 629 1271 omnes
650 1224 916 1276 debebant,
955 1231 1096 1288 atque
1122 1223 1280 1288 potius
1304 1220 1573 1286 conjunffis
1599 1225 1774 1272 viribus
1799 1239 2110 1293 quoscunque
2131 1225 2348 1275 adversus

116 1308 283 1358 puram
297 1290 541 1354 Evangelii
555 1288 820 1338 d05trinam
836 1292 1141 1338 scaturientes
1156 1297 1307 1337 tetros
1329 1305 1512 1339 errores
1527 1292 1800 1354 reprimere.

288 1361 403 1407 Haec
417 1374 477 1405 eo
491 1357 728 1421 copiosius
743 1357 997 1421 scripsimus
1024 1353 1482 1415 chariffimifratres,
1516 1367 1567 1406 ut
1587 1359 1866 1406 immensum
1882 1360 2024 1407 animi
2049 1361 2192 1409 nostri
2216 1361 2351 1411 dolo-

115 1442 216 1475 rem
240 1425 542 1481 testaremur,
570 1432 690 1471 aeut
713 1423 997 1472 fimuletiam
1023 1421 1413 1488 fignificationem
1439 1426 1718 1483 ederemus,
1753 1428 1890 1475 nobis
1913 1426 2035 1475 istius
2059 1431 2178 1478 moti
2201 1438 2352 1479 certa-

102 1495 257 1542 'minis
280 1493 532 1540 authorem
559 1500 701 1555 atque
723 1491 934 1539 fimilium
959 1507 1149 1556 quoque
1184 1492 1331 1540 valde'
1349 1493 1610 1558 displicere.
1680 1496 1853 1558 Neque
1879 1495 2146 1543 dubitamus
2171 1499 2312 1546 etiam
2335 1533 2351 1558 ,

116 1562 228 1627 quin
247 1561 460 1608 oninium
475 1560 662 1623 piorum
676 1567 864 1607 mentes
878 1591 892 1616 ,
927 1560 1054 1606 hanc
1078 1574 1178 1606 rem
1193 1560 1578 1610 &infelicitatem
1607 1562 1726 1625 prae.s
1720 1562 1841 1610 entis
1857 1562 2020 1617 seculi,
2058 1562 2227 1615 leviter
2240 1574 2322 1615 tan
2334 1596 2353 1607 -

117 1639 219 1677 turn
235 1629 615 1693 perpendentes,
652 1625 780 1673 simili
796 1641 1005 1675 moerore
1030 1624 1294 1674 afficiantur
1309 1660 1323 1684 ,
1358 1628 1407 1677 <Sc
1422 1631 1479 1676 ab
1503 1632 1721 1678 omnibus
1735 1632 1793 1677 de
1815 1631 2041 1680 doritrinae
2056 1634 2352 1699 Evangelicae

117 1695 373 1745 manifestis
387 1694 592 1743 articulis
604 1727 618 1752 ,
657 1695 917 1742 orientibus
929 1693 1348 1760 disceptationibus
1363 1696 1651 1745 abhorreant
1666 1729 1680 1755 ,
1716 1712 1890 1762 easque
1906 1702 1986 1765 pio
1999 1698 2107 1748 'zelo
2121 1716 2349 1768 execren-

117 1772 207 1813 tur.
279 1765 423 1811 Nunc
439 1764 497 1809 ad
508 1761 685 1826 reliqua
702 1776 968 1825 pergemus.

289 1831 452 1878 I’etitis
468 1831 637 1894 optimi
651 1830 735 1876 viri
751 1862 764 1885 ,
800 1837 851 1876 ut
866 1831 999 1878 vobis
1014 1844 1111 1877 nou
1127 1845 1380 1895 gravemur
1393 1865 1407 1888 ,
1429 1847 1676 1896 exponere
1689 1831 1953 1883 doE'ffinam
1967 1870 1981 1892 ,
2003 1851 2104 1901 quae
2118 1835 2347 1887 ha&enus

119 1901 168 1948 in
190 1897 390 1947 Ecclesia
405 1896 558 1946 nostra
575 1893 973 1959 dejustificatione
987 1899 1193 1947 hominis
1207 1900 1375 1947 tradita
1393 1899 1457 1946 est
1472 1934 1484 1956 ,
1501 1901 1546 1948 ὅ(
1561 1901 1714 1948 adhuc
1729 1903 1931 1950 docetur
1943 1937 1956 1961 ,
1996 1906 2040 1954 ὅ(
2057 1903 2346 1970 utjudicium

119 1970 495 2030 sententiamque
520 1963 724 2012 nostram
737 1966 794 2012 de
810 1966 1058 2030 propositis
1073 1967 1131 2014 D.
1145 1967 1201 2015 D.
1228 1966 1429 2032 Georgii
1447 1965 1638 2030 Majoris
1660 1966 2001 2035 hypothefibus
2016 1977 2154 2022 vobis
2169 1975 2347 2039 aperia-

124 2051 245 2084 mus.
325 2036 575 2098 Qantum
589 2041 747 2080 autem
763 2035 820 2080 ad
834 2034 958 2082 hanc
970 2049 1071 2082 rem
1087 2037 1283 2092 attinet,
1303 2032 1569 2099 judicamus
1584 2036 1784 2085 vestram
1799 2041 2085 2104 petitionem
2099 2041 2146 2091 ὃς
2162 2043 2284 2107 piam
2299 2042 2349 2093 ὃς

122 2101 373 2152 honestam
388 2099 494 2149 esse.
568 2099 879 2165 Intelligimus
896 2104 1021 2151 enirn
1048 2111 1192 2168 atque
1217 2102 1341 2151 clare
1365 2104 1412 2153 id
1435 2104 1579 2152 etiarn
1604 2121 1664 2153 ex
1688 2108 1866 2173 scriptis
1893 2123 1919 2155 a
1940 2110 2075 2157 vobis
2096 2111 2155 2157 de
2179 2111 2348 2158 eadem

118 2172 210 2219 hac
224 2168 542 2218 controversia
554 2169 690 2216 editis
714 2169 1016 2235 perspicimus
1031 2201 1045 2223 ‚
1079 2187 1168 2220 vos
1193 2170 1309 2219 nihil
1324 2171 1447 2220 aliud
1463 2189 1670 2238 quaerere
1686 2208 1700 2233 ,
1737 2191 1878 2240 quam
1892 2185 1944 2224 ut
1955 2177 2104 2242 gloria
2130 2177 2245 2235 Dei,
2263 2179 2348 2226 Ec-

119 2239 264 2288 cleiiae
278 2236 584 2302 tranquillitas
599 2251 653 2283 ac
668 2236 782 2284 salus
795 2270 808 2294 ,
847 2238 895 2288 ὅ(
910 2238 1095 2287 fincerae
1107 2239 1400 2305 Evangelicae
1414 2240 1642 2290 doetrinae
1655 2258 1795 2291 verus
1818 2252 1961 2308 atque
1976 2248 2194 2310 geminus
2213 2246 2346 2295 intel-

119 2306 268 2355 Ιεᾶυε
283 2335 295 2358 ,
328 2304 480 2370 planis
493 2304 540 2353 ὅ(
558 2306 858 2370 incorruptus
875 2306 1084 2355 servetur
1097 2341 1112 2365 ,
1145 2314 1288 2373 atque
1303 2317 1352 2356 ut
1367 2311 1402 2357 is
1418 2324 1611 2374 quoque
1625 2312 1757 2358 omni
1770 2311 2147 2376 labyrinthorum
2163 2314 2346 2379 perple-

120 2377 271 2422 xitate
287 2381 463 2421 careat.
543 2373 655 2436 Quo
670 2374 861 2436 quidem
875 2376 1009 2423 unius
1024 2372 1252 2440 cujusque
1268 2375 1600 2442 mysteriorum
1626 2378 1715 2427 Dei
1739 2378 1886 2429 fidelis
1902 2381 2227 2448 dispensatoris
2251 2383 2346 2431 ani·

106 2440 222 2491 'mus
237 2470 251 2494 ,
284 2440 507 2488 voluntas
519 2472 534 2497 ,
568 2441 785 2505 adeoque
800 2456 967 2491 ornnes
982 2444 1103 2491 vires
1118 2442 1304 2493 direifi'we
1318 2443 1408 2515 effe
1422 2447 1617 2497 debent.

255 2517 262 2522 ’
290 2508 538 2574 Qantum
553 2523 668 2556 vero
683 2511 739 2555 ad
756 2525 842 2557 nos
858 2511 1056 2569 attinet,
1096 2511 1197 2560 haec
1221 2513 1357 2561 vobis
1384 2508 1684 2578 significanda
1708 2512 1800 2562 esse
1825 2516 2058 2563 duximus.
2130 2518 2344 2582 Ingenue

120 2576 323 2624 fatemur
337 2571 586 2623 chariffimi
599 2575 792 2631 fratres,
831 2593 917 2624 nos
933 2577 1071 2642 plane
1086 2579 1306 2643 quaelibet
1330 2583 1701 2629 contentionum
1724 2597 1901 2645 genera
1926 2583 2148 2642 aversari,
2185 2600 2343 2650 neque

120 2647 263 2692 etiam
280 2645 331 2691 iis
346 2651 529 2690 temere
552 2645 812 2690 immiscere
826 2675 839 2696 ,
877 2660 978 2708 quae
995 2646 1194 2696 honeste
1208 2666 1234 2697 a
1247 2650 1384 2697 nobis
1397 2649 1622 2713 praeteriri
1636 2681 1650 2705 ,
1688 2657 1828 2714 atque
1843 2651 1979 2699 vitari
1994 2660 2197 2715 queant,
2221 2667 2343 2718 quae-

121 2727 214 2776 que
228 2711 495 2760 inimicitias
512 2726 675 2774 parere
690 2710 890 2775 possent.
959 2712 1189 2764 Praeterea
1212 2731 1406 2782 quoque
1422 2713 1518 2764 hoc
1533 2716 1766 2774 fatemur,
1801 2720 1932 2782 quod
1953 2718 2001 2765 in
2026 2721 2162 2768 nobis
2187 2722 2341 2770 minus

121 2778 395 2828 eruditionis
410 2787 552 2842 atque
566 2779 864 2827 authoritatis
880 2777 971 2828 effe
995 2780 1188 2831 sciamus
1199 2817 1214 2841 ,
1252 2799 1393 2847 quam
1408 2791 1462 2831 ut
1485 2785 1532 2832 in
1547 2790 1680 2831 tanta
1702 2798 1752 2831 re
1767 2791 1961 2851 tamque
1977 2786 2202 2852 perplexa
2221 2785 2351 2853 judi<

122 2851 247 2894 cium
259 2847 380 2894 terre
395 2845 649 2894 valeamus.
722 2849 883 2911 Atque
898 2844 970 2895 hae
990 2850 1181 2913 quidem
1196 2851 1340 2900 causae
1354 2850 1470 2899 tales
1488 2852 1710 2901 videntur
1723 2851 1814 2900 effe
1828 2885 1843 2910 ,
1882 2855 2048 2918 quibus
2066 2856 2240 2903 merito
2261 2871 2342 2904 ex·

121 2913 264 2961 cusari
279 2912 531 2979 poffemus,
562 2914 589 2961 fi
605 2915 661 2961 ab
675 2915 763 2961 hac
778 2914 981 2980 palaestra
997 2932 1082 2966 nos
1096 2917 1475 2966 subduceremus.
1547 2918 1734 2967 Contra
1747 2935 1863 2968 vero
1882 2923 2018 2970 nobis
2038 2923 2170 2971 altius
2195 2939 2341 2988 nego·

121 2983 239 3028 tium
255 2982 682 3046 perpendentibuS,
714 2998 923 3048 veraque
946 2985 1121 3033 trutina
1141 2984 1416 3034 librantibus
1434 3018 1450 3043 ,
1491 2996 1801 3035 occurrerunt
1825 2989 1976 3037 multo
2001 2992 2244 3055 graviores
2266 3008 2341 3039 rat

124 3051 280 3099 tiones
291 3082 306 3110 ,
340 3051 460 3100 adeo
475 3050 619 3101 etiam
632 3066 718 3101 nos
733 3050 1034 3118 impellentes
1048 3082 1061 3110 ‚
1081 3061 1133 3104 ut
1146 3054 1479 3103 arbitraremur
1492 3069 1581 3104 nos
1602 3069 1759 3121 neque
1766 3052 1906 3120 juste,
1921 3073 2078 3126 neque
2090 3059 2213 3110 salva
2225 3075 2341 3107 con-

1319 3119 1370 3188 3,)
1389 3118 1418 3186 l>
2192 3127 2345 3192 sciem-
