2554 3394
686 198 690 202 ι
779 130 868 180 III.
899 128 1163 180 CONTRA
1199 127 1257 177 A.
1297 125 1711 177 OSIANDRUM.
2247 141 2347 193 203

292 210 2340 231 W

130 247 526 311 ajustificatione,
566 243 641 291 sed
666 258 776 291 cum
791 258 845 290 ea
858 241 1151 306 conjungere
1167 274 1181 298 ,
1217 239 1430 289 distinete
1445 250 1636 297 tamen,
1670 256 1732 288 ne
1748 242 1874 290 inter
1900 243 1943 291 se
1957 241 2352 291 commisceantur

129 317 322 365 causa&
338 312 548 367 effeetus,
585 326 674 358 nec
688 309 888 359 alterum
907 311 954 357 in
980 308 1169 357 alterius
1194 307 1351 356 locum
1385 306 1726 365 constituatur,
1759 324 1850 357 nec
1857 307 2033 372 justitia
2045 310 2104 357 ad
2129 308 2353 358 scribatur

119 383 328 430 novitati
342 416 356 438 ,
395 378 677 427 obedientiae
700 379 748 428 ὅ(
763 378 1014 426 virtutibus
1029 376 1237 424 hominis
1252 409 1265 432 ,
1303 376 1378 423 sed
1393 382 1495 422 tota
1509 373 1697 422 CHristi
1712 377 1873 438 gratiae
1889 377 1937 426 ὅ(
1960 377 2138 425 meritis
2153 384 2355 440 accepta

126 449 320 506 feratur,
354 463 412 495 ne
427 447 871 502 reddaturincerta,
911 444 1249 492 fisentiendum
1267 442 1344 498 fit,
1379 443 1725 489 inhabitatione
1743 443 1855 499 Dei,
1890 445 2028 491 novis
2052 443 2354 508 qualitatibus

125 517 202 566 vel
215 515 496 571 actionibus,
531 528 644 574 quas
658 515 701 561 in
716 511 879 560 sanetis
897 518 1121 576 operatur
1137 511 1280 566 Deus,
1307 508 1494 572 justitiae
1509 506 1857 573 pei-feffionem
1882 513 2146 559 continere.

298 580 539 630 Postrema
555 596 659 645 pars
676 578 820 628 nostri
834 580 988 643 scripti
1002 578 1195 641 attingit
1206 575 1350 623 finem
1363 605 1378 629 ,
1419 578 1477 623 ad
1493 590 1633 639 quem
1649 577 1857 625 tendunt
1876 578 2037 624 omnia
2051 609 2064 633 ‚
2096 593 2197 640 quae
2221 578 2353 628 Deus

127 665 187 698 ex
202 650 425 698 immensa
439 650 667 696 charitate
681 649 914 712 impendit
929 648 973 693 in
989 645 1159 709 perditi
1174 643 1361 707 generis
1376 642 1575 689 humani
1590 642 1994 708 redemptionem,
2029 659 2113 707 per
2128 643 2272 692 filium
2287 645 2354 694 su-

125 732 206 764 um
219 748 233 772 ,
273 715 455 764 missum
470 717 516 763 in
530 716 758 762 mundum
775 747 788 770 ,
823 713 1049 761 traditum
1062 711 1108 758 in
1123 718 1329 757 mortem
1343 712 1493 757 crucis
1514 746 1527 764 ‚
1546 709 1868 760 resulcitatum
1883 712 1931 761 ὃ(
1945 711 2206 758 exaltatum
2223 712 2355 775 super

127 799 294 833 omnes
312 783 477 832 coelos,
514 781 680 830 Paulus
696 782 849 830 scribit
870 782 1013 828 Rom.
1029 787 1072 833 8.
1119 778 1294 834 Deum,
1317 775 1553 842 quifilium
1571 776 1699 823 suum
1714 777 1825 824 dare
1839 781 2059 842 dignatus
2073 777 2154 834 est,
2191 778 2354 826 omnia

122 866 231 898 cum
246 851 325 898 illo
340 849 528 901 dedisse.
597 850 712 897 Hoec
729 851 853 896 bona
867 850 910 896 in
925 849 1014 894 hac
1027 846 1127 893 vita
1139 845 1545 909 apprehendimur
1560 844 1609 892 ὅ(
1628 841 1917 906 possidemus
1942 844 2035 892 fide
2049 875 2062 894 ,
2100 845 2180 908 spe
2205 860 2349 910 expe-

123 916 332 974 ctatum,
366 919 412 965 in
428 918 572 965 altera
585 916 945 972 revelabuntur,
983 928 1044 960 eo
1069 912 1374 962 conservatur
1399 911 1536 959 nobis
1561 909 1774 976 perfeci&
1798 911 1950 977 gloria
1974 912 2022 961 ὃς
2047 912 2232 970 fruiti0,
2269 912 2355 961 sm-

121 999 234 1033 cero
249 985 295 1034 ὅτ
310 984 599 1033 inenarrabili
613 985 786 1047 gaudio
800 982 1085 1030 redundans.
1444 990 1447 992 ·

294 1053 408 1100 Haec
424 1054 469 1100 in
484 1053 660 1099 summa
675 1049 831 1098 nostra
846 1048 910 1096 est
926 1045 1139 1096 doctrina
1154 1061 1213 1094 ex
1228 1045 1471 1094 verboDei
1487 1045 1546 1092 de
1559 1041 1891 1108 justificatione
1908 1062 1992 1110 per
2004 1045 2146 1093 fidem
2158 1045 2352 1094 inchri-

121 1118 240 1166 stum
255 1152 269 1175 ‚
303 1120 404 1167 haec
418 1118 571 1167 nostra
586 1117 649 1165 est
665 1118 896 1166 sententia
915 1117 973 1163 de
988 1115 1106 1162 libro
1124 1113 1353 1161 Ofiandri.
1427 1114 1494 1159 Ex
1510 1128 1598 1176 qua
1613 1112 1810 1177 perspici
1824 1113 2000 1177 potest,
2035 1115 2082 1161 in
2097 1115 2284 1177 quibus,
2299 1114 2350 1163 ὅ(

120 1199 204 1235 cur
218 1186 366 1234 abillo
382 1185 713 1233 dissentiamus.
782 1187 924 1234 Nunc
940 1182 1147 1231 breviter
1160 1196 1220 1228 ex
1236 1179 1475 1245 oppofitio
1489 1181 1714 1227 addemus
1731 1177 1829 1243 ejus
1851 1182 2079 1246 dogmata
2093 1214 2107 1238 ‚
2139 1182 2345 1245 propriis

117 1253 253 1318 ipsius
278 1254 430 1300 verbis
454 1255 664 1300 recitata.
874 1314 877 1315 ⁷
1131 1303 1141 1308 χ
1353 1287 1362 1295 .

288 1321 364 1367 Ab
379 1320 663 1366 orthodoxae
678 1316 786 1365 fidei
799 1313 1013 1363 doctrina
1027 1314 1075 1364 ὅ(
1087 1313 1249 1378 regula
1258 1313 1468 1364 veritatis
1481 1341 1495 1368 ‚
1520 1327 1623 1377 quae
1638 1310 1704 1360 est
1717 1313 1959 1379 Scriptura
1972 1312 2146 1373 saneta,
2160 1313 2244 1363 has
2261 1314 2339 1362 ad-

117 1385 344 1434 sertiones
359 1386 571 1433 Ofiandri
585 1384 822 1432 dissentire
832 1380 1116 1446 judicamus.
1599 1382 1601 1384 ’

287 1452 545 1517 Justiticare
571 1452 768 1517 impium
785 1484 798 1506 ,
836 1465 933 1497 non
960 1448 1025 1496 est
1047 1464 1155 1496 eum
1178 1449 1497 1513 pronunciare
1523 1446 1599 1497 seu
1622 1452 1844 1514 reputare
1858 1444 2053 1511 justum.

288 1519 564 1583 justificatio
590 1535 689 1566 non
710 1517 774 1565 est
797 1513 1003 1564 remissio
1028 1525 1357 1580 peccatorum.

289 1584 570 1635 Graviffirne
594 1594 767 1640 errant,
802 1582 1170 1647 quitestimonio
1182 1581 1349 1635 Psalm.
1368 1597 1446 1645 32.
1481 1581 1652 1632 volunt
1676 1578 2149 1648 probare‚justitiam
2171 1576 2286 1631 nihil
2300 1597 2344 1630 a·

115 1651 209 1703 litsd
224 1652 313 1702 esse
329 1683 342 1706 ,
367 1669 505 1718 quam
520 1651 837 1701 remissionem
855 1657 1180 1714 peccatorum.
1404 1667 1407 1672 ·

286 1722 478 1768 Docent
491 1720 699 1784 frigidius
713 1718 862 1783 glacie
876 1750 890 1772 ‚
930 1717 1008 1781 qui
1036 1718 1215 1763 docent
1238 1732 1325 1764 nos
1339 1712 1608 1764 remiffione
1622 1722 1935 1781 peccatorum
1950 1715 2159 1781 reputari
2175 1713 2338 1779 justos.

285 1787 574 1836 Obedientia
588 1786 776 1834 CHristi
792 1800 879 1831 nos
896 1800 993 1831 non
1006 1780 1240 1846 justificat.
1695 1806 1698 1809 ·
1960 1796 1968 1798 *

290 1854 516 1904 CHristus
531 1870 632 1902 non
646 1852 709 1901 est
714 1849 864 1917 justus
879 1884 895 1905 ,
918 1850 1194 1916 quialegem
1207 1850 1452 1915 implevit,
1472 1851 1549 1898 sed
1572 1851 1679 1916 quia
1705 1850 1763 1898 ab
1775 1856 1955 1899 aeterno
1971 1847 2098 1914 justo
2113 1848 2339 1913 Patrer-

113 1920 205 1970 stus
227 1921 348 1970 iilius
375 1930 511 1970 natus
525 1921 604 1970 est.

284 1992 532 2056 Nusquam
555 1988 725 2054 legitur
746 1989 794 2036 in
817 1986 1082 2052 Scriptura,
1108 1984 1441 2051 impletionem
1460 1984 1577 2050 legis
1602 1985 1873 2035 &mortem
1885 1981 2074 2034 CHristi
2095 1982 2187 2034 ess'e
2206 1981 2331 2050 justi-

113 2058 226 2106 tiam
250 2057 472 2108 nostram.
1081 2057 1083 2059 ’
2248 2050 2252 2055 '

287 2125 513 2173 CHristus
528 2122 592 2171 est
598 2120 772 2186 justitia
787 2119 942 2169 nost-ra
957 2154 971 2177 ,
1007 2121 1261 2170 secundum
1277 2121 1578 2169 divinitatem
1595 2118 1740 2172 suam.

286 2192 514 2256 Justificat
536 2207 622 2238 nos
647 2187 873 2235 essentiali
899 2185 1171 2250 suajustitia,
1207 2188 1575 2252 nonsanguine,
1613 2205 1711 2236 non
1725 2193 1881 2236 morte
1896 2187 1986 2235 sua.

287 2259 517 2308 CHristus
549 2257 614 2306 est
649 2255 871 2321 sapientia
901 2255 1060 2303 nostra
1097 2257 1355 2304 secundum
1389 2256 1598 2305 divinam
1617 2290 1630 2314 ‚
1664 2271 1765 2305 non
1790 2255 2048 2303 secundum
2072 2252 2333 2302 humanam

109 2334 342 2377 naturam.
1436 2359 1439 2360 γ

109 2395 113 2399 ’
297 2394 469 2442 Omnis
486 2388 664 2455 justitia
687 2398 768 2439 aut
792 2389 858 2438 est
879 2391 1037 2440 divina
1055 2387 1232 2454 justitia
1254 2389 1304 2441 &
1328 2387 1523 2438 essentia
1547 2388 1654 2448 Dei,
1692 2385 2262 2452 autesthumanajustitia‚
2286 2385 2337 2438 δε

114 2460 311 2526 qualitas
342 2467 526 2512 creata,
563 2459 691 2507 nullo
718 2466 875 2506 autem
900 2460 1048 2507 modo
1074 2457 1198 2506 aetio
1231 2466 1313 2506 aut
1334 2454 1495 2522 paffio.

94 2526 100 2531 '
284 2527 462 2592 Justitia
487 2529 686 2591 propriae
710 2527 898 2583 dicitur,
934 2527 1063 2591 quod
1075 2541 1162 2574 nos
1177 2521 1549 2588 movetadjuste
1566 2523 1833 2589 agendum,
1867 2523 2020 2574 &sine
2044 2537 2140 2586 quo
2164 2516 2336 2583 necju·

109 2594 163 2643 sti
177 2593 377 2653 esse,nec
389 2593 505 2657 juste
520 2595 680 2642 vivere
696 2591 951 2657 possumus.
1330 2639 1339 2646 „
1640 2613 1642 2616 ·

130 2683 134 2687 -
285 2660 509 2710 CHristus
524 2659 673 2724 passus
687 2659 752 2708 est
765 2668 874 2708 ante
889 2675 1024 2708 amos
1044 2675 1185 2721 1500.
1209 2661 1319 2709 ideo
1342 2659 1534 2726 proprie
1552 2657 1798 2723 loquendo
1812 2655 1985 2722 ,paffio
2003 2653 2101 2720 ejus
2126 2669 2223 2702 non
2243 2667 2331 2718 po-

111 2727 201 2776 test
213 2728 304 2777 esse
317 2728 460 2777 nostri
465 2727 765 2792 justificat10‚
800 2727 876 2775 sed
889 2735 1074 2776 tanturn
1089 2730 1357 2793 redemptio
1372 2727 1420 2777 ὃς
1434 2725 1686 2774 satisfactio
1701 2740 1789 2791 pro
1809 2725 1961 2777 nobiS.
2030 2725 2154 2772 Nam
2172 2723 2251 2787 qui
2257 2718 2331 2784 ju-

111 2794 293 2844 stificari
305 2797 466 2854 debet,
487 2812 595 2843 eum
618 2793 798 2842 neceffe
815 2793 880 2842 est
902 2802 1069 2843 natum
1082 2793 1172 2843 effe
1197 2795 1293 2847 δίο.
2093 2809 2101 2814 ‘

284 2865 398 2912 Ideo
414 2863 641 2914 CHristus
665 2878 781 2919 nOS,
820 2863 898 2928 qui
914 2859 1016 2926 jam
1040 2862 1307 2912 vivimus&
1324 2861 1438 2910 alios
1463 2867 1574 2908 ante
1589 2875 1705 2914 nOS,
1743 2873 1830 2924 per
1850 2857 2183 2923 impletionem
2208 2851 2326 2917 legis

110 2936 315 3047 mprtem
328 2931 376 2982 δ’(
389 2929 649 2998 paffionem
664 2930 788 2980 suam
805 2947 821 2994 3
856 2946 956 2979 non
967 2926 1243 2994 justificavit
1254 2962 1269 2991 ‚
1303 2929 1379 2978 sed
1393 2929 1629 2994 redempti
1642 2927 1796 2979 sumus
1810 2927 1868 2976 ab
1878 2928 1945 2976 ira
1958 2926 2064 2984 Dei,
2103 2928 2261 2973 morte
2275 2919 2327 2969 δε

108 3013 155 3047 m
179 3012 312 3048 erno-
2286 3009 2288 3011 ’

1317 3060 1402 3121 Ε(
1432 3077 1461 3117 2
2201 3053 2320 3105 Haec
