2554 3394
720 96 812 146 ΙΙΙ.
848 93 1118 145 CONTRA
1154 93 1212 144 A.
1249 89 1662 144 OSIANDRUM.
2240 89 2332 149 167

21 218 29 269 ζ
111 198 336 289 justitiam
374 221 488 285 legis
525 217 574 266 &
609 213 717 262 fidei
739 247 753 272 ,
801 228 902 279 quae
932 227 992 261 ex
1028 211 1118 264 fide
1154 209 1219 259 est
1252 208 1422 275 justitia
1438 238 1452 263 ‚
1503 208 1562 256 sic
1598 195 1712 255 dicit
1733 240 1750 265 ‚
1785 224 1790 231 ·
1815 219 1878 254 ne
1908 203 2077 253 dixeris
2108 202 2156 250 in
2189 203 2334 250 corde

119 301 205 340 tuo
254 289 346 339 &a

106 355 108 358 ’
219 323 233 348 ’
287 347 965 404 AnimadvertitOiiandervel
986 345 1354 410 huncimprimis
1378 343 1537 391 locum
1561 339 1810 388 adsertioni
1841 337 1928 386 suae
1952 335 2167 385 obsistere
2192 333 2240 383 ὅ(
2263 347 2337 381 re-

117 436 329 489 pugnare
346 451 363 481 ,
399 434 543 483 quare
557 416 927 466 conatui-addita
949 416 1340 478 interpretatione
1357 427 1454 459 non
1480 419 1576 457 tarn
1599 407 1780 455 amoliri
1807 405 1834 453 a
1859 407 1929 462 se,
1972 419 2111 469 quam
2134 403 2190 449 ad
2205 403 2335 450 suum

116 491 374 540 institutum
388 484 647 535 inflectere.
718 484 935 531 Candide
950 498 1036 530 nos
1052 482 1364 528 admonemus
1380 512 1392 535 ,
1426 478 1627 526 veritate
1645 474 1701 522 [ic
1718 471 1985 537 postulante
1998 503 2012 528 ‚
2038 472 2064 518 ‘a
2078 469 2237 523 nobis,
2275 469 2335 518 de

116 559 169 606 iis
183 571 284 621 quae
301 552 568 619 judicamus
592 551 741 599 aliena
754 551 780 599 -ἲι
794 551 1040 614 Scripturae
1064 549 1216 608 sensu,
1234 561 1440 594 errorem
1458 543 1661 607 aliquem
1682 540 1896 590 stabilire.
1966 538 2191 602 justitiam
2208 535 2333 592 fidei,

118 639 220 689 quae
233 618 539 688 reprehendit
556 621 746 668 humani
761 620 916 665 cordis
929 618 1274 663 dubitationem
1287 645 1302 669 ‚
1338 613 1386 662 ἀ
1401 612 1514 658 dicit
1529 625 1588 657 ne
1603 610 1773 656 dixeris
1796 607 1889 656 ἃς.
1957 605 2158 670 exponit
2172 602 2335 650 Ofian-

115 694 225 747 der‚
256 691 384 754 quod
400 689 596 736 verbum
614 719 627 743 ,
662 687 756 733 hoc
783 683 848 732 est
867 718 881 739 ,
914 683 1031 731 filius
1048 683 1132 730 Dei
1146 682 1204 729 iic
1221 682 1361 728 dicat.
1429 679 1520 726 Sed
1535 677 1794 741 refragatur
1806 680 1967 722 textus
1978 672 2136 721 multis
2151 671 2305 718 modis
2320 701 2334 726 ,

116 754 406 820 namjustitia
420 754 527 802 fidei
542 749 997 818 opponiturjustitiae
1010 749 1138 813 legis.
1210 749 1390 796 Diserte
1409 746 1523 793 dicit
1534 746 1593 792 de
1604 745 1754 792 verbo
1767 743 1814 790 in
1828 756 1912 789 ore
1927 741 1974 790 ὅ(
1986 740 2150 795 corde,
2165 752 2224 784 ne
2239 737 2336 784 hoc

116 828 314 874 verbum
352 821 666 885 intelligamus
695 819 856 866 Filium
887 819 1004 874 Dei,
1042 815 1194 864 statim
1230 815 1413 863 additur
1436 812 1725 860 declaratioz
1762 810 1872 857 Hoc
1893 807 1959 856 est
1984 808 2184 856 verbum
2205 803 2340 858 fidei,

118 893 247 957 quod
269 891 600 954 praedicamus,
638 888 666 934 si
681 886 915 934 confessus
935 886 1074 932 fueris
1091 898 1174 931 ore
1200 891 1284 930 tuo
1297 879 1719 942 DominumJesum
1734 877 1852 933 ,δια
1921 875 2084 923 Corde
2098 874 2223 928 enim
2235 885 2336 918 cre*=

115 961 242 1008 ditur
257 954 574 1018 adjustitiam,
591 956 685 1004 &Q
753 951 1141 1014 Valdejustitiam
1166 949 1482 997 fideirevocat
1506 945 1680 994 Christi
1705 952 1912 992 mortem
1932 977 1946 1000 ,
1978 942 2027 991 ὃ(
2046 938 2339 989 resurreetio—

115 1041 226 1074 nem
239 1058 253 1080 ‚
289 1025 442 1088 Jelum
457 1021 548 1069 effe
564 1022 823 1070 Dominum
837 1053 850 1076 ,
866 1020 1182 1067 resuscitatum
1200 1017 1291 1065 effe
1306 1016 1333 1064 ἓ,
1346 1016 1543 1064 mortuis
1559 1044 1573 1069 ‚
1605 1014 1699 1060 hoc
1717 1014 1863 1060 corde
1883 1010 2116 1058 credimus
2139 1009 2196 1056 ad
2211 1004 2338 1070 justi-

116 1095 232 1142 tiam
246 1091 294 1141 &
312 1105 394 1138 ore
415 1088 703 1139 confitemur
718 1090 775 1135 ad
798 1088 1004 1135 salutern.
1906 1109 1907 1125 i

198 1206 201 1207 γ
285 1157 449 1205 Altera
464 1152 720 1204 Antithesis
736 1152 920 1217 justitiae
941 1153 1055 1217 legis
1073 1151 1119 1200 ὅ(
1133 1151 1240 1198 fidei
1253 1148 1431 1198 illustris
1446 1147 1619 1210 legitur
1630 1160 1733 1209 cap.
1751 1160 1793 1205 30
1831 1145 1889 1195 ad
1907 1140 2110 1207 Philipp.
2132 1135 2234 1206 quae
2257 1141 2339 1188 mi·

114 1225 164 1274 hi
178 1223 506 1273 fueruntlucra
521 1257 535 1279 ,
550 1224 643 1272 &c.
677 1223 944 1269 Arbitratus
960 1221 1053 1267 sum
1067 1225 1267 1282 propter
1280 1214 1522 1263 Christum
1538 1213 1839 1262 detrimenta.
1909 1212 1976 1259 Ex
2001 1212 2073 1258 his
2096 1210 2212 1257 locis
2235 1209 2333 1255 evi-

113 1294 284 1340 denter
296 1290 623 1345 concluditur,
660 1289 1050 1352 quandoquidem
1066 1285 1337 1332 summovet
1358 1276 1844 1345 Apostolusjiistitiain
1860 1294 2059 1342 operum
2076 1277 2122 1326 ὅ(
2138 1291 2241 1323 eam
2254 1275 2337 1322 de-

112 1355 258 1407 trahit
275 1355 738 1404 nostraeobedientiae
757 1354 806 1403 <Sc
827 1354 1079 1404 virtutibus
1102 1351 1231 1415 quod
1253 1348 1430 1397 Christi
1453 1347 1765 1403 obedientiae,
1802 1347 2054 1395 virtutibus
2069 1377 2084 1400 2
2118 1343 2340 1407 operibus

113 1425 162 1476 ὅ(
173 1423 456 1490 paffionibus
470 1423 632 1471 tribuit
639 1418 1045 1486 justificationem.

574 1560 582 1565 ‚
757 1507 836 1555 De
857 1503 996 1569 caustz
1019 1501 1259 1569 Efficiente
1270 1496 1637 1565 justificationis.

114 1583 390 1636 Adrcausam
405 1581 695 1632 efficientem
715 1582 1061 1647 justificationis
1077 1584 1313 1648 pertinet,
1351 1583 1479 1646 quod
1498 1579 1702 1644 disputat
1716 1575 1947 1623 Oiiander
1960 1608 1975 1632 ‚
2011 1573 2251 1622 Christum
2277 1575 2341 1624 se-

116 1654 321 1702 cundum
335 1653 542 1699 divinam
558 1659 776 1699 naturam
793 1650 883 1699 effe
891 1649 1116 1715 justitiam
1132 1648 1334 1706 nostram
1351 1683 1365 1706 ,
1404 1651 1534 1712 quod
1547 1661 1697 1710 geniis
1711 1644 1966 1691 locutionis
1988 1642 2152 1691 clarius
2175 1641 2340 1701 effert,

116 1735 226 1769 cum
241 1718 418 1793 scribit,
452 1717 691 1766 Christum
718 1719 973 1766 secundum
997 1720 1202 1766 divinam
1228 1725 1441 1764 naturam
1457 1712 1728 1777 justificare.
1800 1711 1864 1757 Ut
1888 1710 2161 1774 persuadeat
2184 1712 2339 1759 homi-

115 1801 226 1835 nem
242 1781 477 1848 ]ustificari
492 1782 716 1833 estentiali
729 1786 818 1832 Dei
824 1783 1036 1848 justitia?
1063 1786 1269 1849 disputat
1282 1785 1340 1831 de
1355 1783 1490 1830 caula
1505 1779 1743 1828 efficiente
1760 1807 1773 1829 ,
1809 1779 1938 1841 quod
1945 1774 2196 1839 justificare
2216 1793 2341 1842 opus

117 1854 170 1902 sit
194 1852 555 1917 omnipotentiae
575 1851 677 1900 Dei.
749 1852 918 1901 Scribit
934 1853 1120 1901 enimin
1134 1850 1533 1916 propositionibus
1551 1849 1659 1896 suis:
1695 1842 2080 1908 Nihiljustificat,
2118 1844 2196 1892 nifi
2212 1848 2340 1893 idem

116 1917 344 1972 vivificet.
414 1918 473 1966 Et
486 1926 654 1966 contra
667 1919 783 1968 nihil
795 1916 1035 1978 vivificat,
1069 1921 1183 1985 quin
1204 1919 1328 1965 idem
1347 1914 1585 1980 justificet.
1657 1913 1798 1962 Nulla
1821 1920 1979 1960 autem
2003 1913 2062 1959 de
2088 1913 2220 1959 causa
2242 1910 2340 1968 effi-

118 1991 275 2038 ciente
290 1984 356 2033 est
369 1985 689 2034 controverfia
701 2020 717 2044 ‚
750 1989 981 2036 convenit
993 1988 1214 2052 utrinque
1227 1985 1317 2033 Dei
1331 1999 1450 2049 opus
1463 2017 1476 2039 ,
1495 1980 1843 2045 effejustificare
1858 1980 2103 2028 hominem
2117 1990 2341 2044 peccato-

115 2071 231 2104 rem.
299 2053 431 2101 Vere
445 2053 563 2100 dixit
576 2054 1067 2119 beatusAugustinus:
1101 2055 1216 2103 Non
1240 2054 1394 2101 minus
1417 2050 1482 2097 est
1488 2049 1729 2114 justificari
1755 2049 1948 2111 impium
1965 2080 1980 2103 ‚
2014 2063 2154 2112 quarn
2181 2062 2342 2096 creare

27 2172 36 2175 ,
119 2121 298 2171 coelum
319 2119 368 2168 &c
389 2128 579 2170 terram.
648 2123 782 2169 Nota
804 2122 908 2170 sunt
930 2122 1004 2169 illa
1024 2121 1152 2170 Pauli
1179 2122 1321 2168 Rom.
1341 2137 1387 2182 4.
1426 2114 1784 2181 Deusjuiiificat
1807 2117 2032 2178 impium,
2067 2115 2271 2164 &Rom
2295 2123 2338 2169 8.

117 2191 248 2239 Deus
263 2186 326 2235 est
341 2185 664 2251 quijustificat.
734 2188 914 2237 Merito
930 2191 1097 2240 erroris
1112 2196 1372 2252 arguuntur
1396 2185 1668 2249 Theologi,
1703 2183 1730 2231 fi
1747 2184 1824 2247 qui
1847 2190 2043 2247 putant,
2075 2197 2162 2230 nos
2180 2180 2341 2245 justifi-

118 2261 212 2306 cari
227 2253 355 2320 poffe
367 2254 450 2328 alia
468 2269 518 2300 re
553 2255 642 2313 (ut
662 2261 852 2303 utamur
877 2255 1090 2304 Ofiandri
1114 2257 1305 2315 verbis)
1343 2269 1485 2319 quam
1508 2252 1606 2300 solo
1631 2253 1749 2299 Deo.
1820 2251 1865 2299 Si
1886 2249 2037 2297 sermo
2054 2249 2104 2297 fit
2127 2251 2184 2296 de
2207 2251 2340 2299 causa

119 2322 356 2372 efficiente
361 2319 735 2384 justificationis,
770 2319 1137 2385 necjustificatio
1150 2331 1366 2377 tantum,
1406 2322 1482 2369 sed
1504 2319 1956 2381 etiamredemptio,
1988 2317 2154 2366 remiss
2170 2333 2343 2381 pecca-

34 2405 38 2410 ’
118 2399 278 2438 torum
293 2422 307 2445 ,
342 2387 670 2436 reconciliatio
683 2390 770 2438 Dei
786 2405 932 2455 opera
953 2390 1228 2444 censentur,
1265 2390 1354 2437 Dei
1375 2387 1441 2436 est
1456 2404 1552 2436 non
1573 2394 1756 2436 tantum
1771 2383 2006 2448 justificari
2022 2384 2338 2443 &vivificare,

121 2458 353 2506 sedetiam
366 2456 623 2512 redimere,
659 2457 903 2504 remittere
924 2467 1147 2522 peccata,
1179 2457 1488 2506 reconciliare
1512 2463 1790 2519 peccatores
1814 2453 1860 2501 ὃ(
1877 2452 2047 2499 fimilia.
2119 2452 2341 2515 Opusre-
2371 2483 2374 2487 -

120 2524 341 2603 mittendi
357 2529 554 2586 peccata
568 2522 645 2569 fibi
659 2524 883 2571 vendicat
897 2525 1025 2572 Deus
1038 2527 1085 2573 in
1105 2524 1196 2573 Esa.
1216 2539 1290 2585 34.
1359 2525 1462 2588 Ego
1478 2556 1491 2578 ‚
1526 2523 1626 2588 Ego
1642 2551 1655 2573 ‚
1680 2521 1859 2585 inquit,
1898 2522 1992 2567 lum
2006 2519 2082 2583 qui
2099 2519 2241 2567 deleo
2254 2521 2337 2570 ini-

120 2599 323 2666 quitate-s
337 2599 454 2636 tuas,
524 2590 641 2636 Item
661 2592 1001 2655 redemptionis
1018 2608 1138 2657 opus
1150 2608 1235 2656 per
1246 2593 1450 2644 eundem
1466 2589 1758 2651 Prophetam
1785 2586 1861 2634 fibi
1883 2587 2095 2633 attribuit
2125 2601 2228 2651 cap.
2254 2603 2336 2649 44.

120 2660 237 2707 Haec
263 2658 377 2705 dicit
406 2656 637 2704 Dominus
666 2658 920 2709 Deustuus
943 2660 1243 2731 Redemptor
1263 2669 1371 2707 tuus
1395 2659 1441 2706 ὅ(
1468 2659 1699 2704 formator
1723 2663 1845 2704 tuus,
1915 2654 1973 2700 Et
1995 2668 2079 2717 per
2102 2653 2336 2704 Davidem

116 2726 294 2802 Psalmo
315 2738 418 2801 130.
503 2726 644 2788 Apud
664 2725 1279 2783 Dominummisericordia,
1316 2726 1364 2775 ὅ(
1379 2720 1850 2789 ipleredimetlsrael.
1873 2719 1998 2767 Paul.
2017 2720 2228 2782 2.Cor.5.
2266 2738 2338 2771 re-

120 2791 506 2841 conciliationem
530 2793 634 2838 Deo
658 2791 901 2842 adscribitt
936 2794 1060 2841 Deus
1075 2795 1233 2842 eratin
1247 2792 1437 2842 Christo
1452 2826 1466 2848 ,
1500 2789 1810 2838 reconcilians
1825 2790 2053 2835 mundum
2070 2788 2162 2840 sibi.

202 2926 212 2936 ⁶
290 2859 463 2906 Verbis
501 2861 627 2907 idem
659 2859 816 2921 itaque
843 2858 1103 2924 loquimur,
1164 2862 1318 2907 Deum
1344 2860 1596 2906 authorem
1623 2857 1670 2905 ὅ(
1695 2854 1971 2903 είΐεξῖοτετη
1987 2852 2335 2916 justificationis

122 2934 341 2990 utrinque
354 2925 667 2985 confitemur,
699 2940 750 2974 re
770 2934 930 2975 tamen
952 2927 1254 2975 dissentimus.
1328 2925 1555 2973 Osiander
1579 2924 1719 2973 fentit
1745 2924 1900 2971 Deum
1913 2919 2167 2986 justificare
2189 2925 2333 2974 effen-

2249 2996 2331 3045 tia-
