2554 3394
789 116 879 166 JV.
929 115 1201 166 CONTRA
1235 115 1562 166 MAIOREM.
1824 102 1827 106 '
2209 132 2306 180 229

1073 191 2308 221 ww*-

94 214 431 279 tumeffecistis
446 229 585 282 boni,
622 225 923 290 quantumvis
958 221 1294 286 remistantibus
1317 226 1466 289 portis
1487 225 1778 284 inferorum,
1802 228 2300 292 Erudiistisperplexos

94 295 144 344 &
165 299 334 345 dubios
367 329 382 354 ,
415 294 618 343 erexistis
641 290 914 341 vacillantes
953 291 1004 340 <Sc
1036 291 1343 355 pusillanimes
1369 323 1381 347 ‚
1413 290 1679 339 sublevastis
1704 294 1787 356 piis
1814 293 1985 343 solatiis
2008 294 2181 352 tristcs',
2218 297 2302 344 cir-

93 372 378 412 cumventos
399 363 446 412 &
466 378 490 408 a
506 360 631 416 rtha
647 363 718 408 via
732 359 946 408 adversos
962 392 974 415 ,
1013 359 1327 423 praeclarcque
1339 359 1547 422 denique
1560 357 1668 406 illud
1682 360 1943 422 praestitistis
1959 398 1972 419 ,
2001 369 2127 428 quod
2143 361 2304 412 Domi-

93 445 179 478 nus
200 430 599 496 praecepitdicens
619 428 786 479 Petro,
822 429 1053 473 confirma
1077 431 1241 472 tratres
1266 436 1385 473 tuos.
1427 426 1543 473 Hoec
1564 433 1694 472 tanta
1721 427 1949 476 beneficia
1974 433 2050 477 niii
2078 435 2303 496 agnosce-

94 497 308 545 remus&
332 497 687 560 praedicaremus
711 495 769 541 ad
782 493 868 540 Dei
885 492 1111 556 gloriam,
1146 493 1490 557 ingratitudinis
1505 500 1671 540 notam
1693 495 1817 541 haud
1841 493 2183 559 effugeremus,
2221 514 2300 546 co-

97 581 196 612 ram
222 565 329 612 Deo
357 563 404 611 &
433 563 630 611 Ecclclia
651 559 750 625 ejus
781 559 948 607 santia.

269 633 414 695 Qiod
441 634 576 679 vobis
602 634 763 677 damus
790 626 1110 673 testimonium
1136 627 1195 672 de
1225 624 1376 672 vestra
1407 625 1681 689 integritate
1710 624 1758 674 ὅ(
1781 625 1957 675 meritis
1978 643 2087 693 erga
2112 633 2298 679 univer-

97 697 187 746 sam
215 697 473 754 eccle-liam,
500 700 623 746 idem
649 698 784 744 vobis
805 695 980 756 ubique
1008 692 1257 757 perhibere
1289 693 1453 739 scimus
1481 707 1649 741 omnes
1686 694 1865 742 bonos:
1935 696 2141 744 Tametsi
2165 714 2301 762 repe-

95 768 270 812 riantur
297 780 392 810 non
421 769 582 828 pauci,
620 765 696 829 qui
711 753 1565 821 saisierunturjudiciis&affecerit-‚un
1598 761 2303 829 impulfialiialiisdecau1i5‚qui
2347 806 2350 809 .

94 833 230 880 vobis
250 832 502 896 iniquiores
520 864 533 887 ,
567 836 775 896 ingratos
802 828 845 875 se
871 829 1064 875 nimium
1081 860 1095 884 ,
1130 828 1236 874 Deo
1263 827 1450 891 potius,
1496 843 1636 891 quam
1657 830 1792 877 vobis
1816 830 1903 877 Dei
1937 833 2127 896 organis
2152 833 2305 880 decla-

97 909 216 947 rant.

267 966 392 1014 Cum
413 966 553 1029 igitur
577 973 672 1011 tam
699 965 757 1009 de
781 962 948 1018 nobis,
985 975 1126 1026 quam
1149 962 1210 1006 de
1232 968 1333 1008 tota
1357 960 1556 1009 Ecclesia
1581 963 1763 1027 optime
1791 962 1878 1011 litis
1905 967 2083 1021 meriti,
2111 965 2158 1015 ὃς
2182 981 2305 1013 ano-
2359 984 2362 987 ·

96 1034 162 1082 bis
190 1035 376 1098 pietatis
400 1031 646 1079 confilium
672 1031 717 1079 ὅ(
743 1030 1019 1077 sententiam
1048 1027 1250 1074 nostram
1277 1059 1289 1081 ‚
1327 1028 1479 1077 studio
1503 1033 1811 1078 conlervandi
1835 1033 2017 1096 integra
2042 1034 2088 1082 ὅ(
2109 1034 2305 1080 inviola-

98 1108 174 1156 ta,
217 1116 316 1165 quae
342 1115 399 1147 ex
423 1099 646 1146 immensa
689 1098 777 1144 Dei
818 1096 1131 1143 misericordia
1167 1097 1436 1160 accepimus
1460 1129 1476 1154 ‚
1522 1100 1799 1162 magnisque
1824 1101 2036 1162 periculis
2062 1101 2107 1149 ἀ
2137 1100 2305 1149 labori-

97 1167 182 1214 bus
208 1168 284 1214 alii
309 1168 554 1214 vobiscum
579 1165 927 1220 defenderunt,
966 1179 1060 1209 non
1096 1162 1335 1225 pofl'umus
1368 1163 1459 1211 line
1480 1165 1844 1228 reprehensione
1882 1168 2186 1214 conscienciae
2217 1183 2306 1216 no·

96 1231 223 1290 strae,
261 1235 308 1283 ὅ(
334 1237 573 1281 bonorum
596 1235 642 1282 in
667 1230 856 1296 publica
881 1230 1013 1277 causa
1040 1244 1136 1276 non
1160 1229 1305 1276 solum
1332 1233 1469 1278 vobis
1494 1263 1511 1288 ,
1546 1231 1622 1278 sed
1648 1234 1790 1281 etiam
1827 1235 2012 1284 veritati
2036 1234 2190 1283 deesse
2215 1251 2299 1282 no-

97 1298 188 1347 stro
210 1300 512 1355 testimonio,
547 1313 704 1363 neque
729 1296 931 1345 nostram
959 1297 1240 1342 sententiam
1269 1297 1437 1343 celare.

271 1369 400 1430 Qid
424 1378 583 1412 autem
612 1379 700 1412 nos
716 1362 987 1426 judicemus
1011 1377 1071 1407 ex
1094 1363 1225 1407 sacrae
1252 1363 1486 1427 scripturae
1511 1379 1726 1419 canone,
1764 1380 1928 1428 quaeve
1953 1366 2107 1415 nostra
2133 1368 2184 1416 fit
2208 1371 2306 1416 len-

96 1434 244 1480 tentia
267 1437 323 1479 de
349 1431 564 1480 dothina
590 1430 933 1495 justificationis
956 1463 972 1483 ,
1005 1431 1129 1475 unde
1157 1431 1299 1476 etiam
1336 1430 1518 1479 constet
1547 1430 1690 1480 nostri
1711 1429 1872 1495 judicii
1906 1436 2025 1482 ratio
2052 1437 2098 1484 ὅ(
2128 1436 2308 1483 senten-

96 1500 172 1546 tiae
198 1499 373 1546 summa
398 1502 456 1546 de
481 1496 753 1546 necestitate
777 1512 1006 1559 operum,
1045 1511 1146 1559 quae
1173 1499 1228 1541 ad
1255 1497 1449 1545 salutem
1482 1498 1695 1547 statuitur
1718 1532 1733 1555 ,
1769 1499 2085 1550 existimamus
2111 1503 2305 1551 manife-

96 1563 215 1612 stum
238 1564 330 1612 effe
352 1565 570 1623 cuilibet,
604 1566 682 1628 qui
705 1564 854 1628 paulo‘
873 1563 1101 1609 attentius
1122 1562 1292 1625 legerit
1328 1564 1532 1613 nostram
1568 1566 1906 1615 refutationem
1932 1568 2149 1635 scriptam
2173 1571 2307 1634 super

97 1631 216 1679 libro
240 1630 543 1696 Augustano,
581 1646 723 1695 quem
743 1627 944 1678 Interim
964 1639 1198 1687 vocarunt
1219 1661 1232 1686 ,
1266 1631 1316 1679 &
1340 1645 1399 1678 ex
1421 1633 1675 1680 recentiori
1699 1632 1868 1698 scripto
1882 1637 1984 1704 ’05¹³
2010 1653 2108 1701 quo
2132 1639 2305 1702 superi-

97 1712 183 1747 ore
208 1713 336 1746 anno
357 1699 682 1762 respondimus
707 1700 765 1746 ad
791 1700 969 1760 dogma
986 1694 1219 1743 Ofiandri.
1288 1699 1410 1745 Nam
1435 1700 1511 1746 hic
1537 1708 1736 1748 conatus
1761 1734 1775 1757 ‚
1812 1702 1912 1749 ha‘c
1933 1718 2044 1752 cura
2068 1703 2221 1753 nostra
2235 1707 2305 1753 fu-

98 1765 162 1821 it,
198 1763 439 1822 distinete,
480 1766 671 1830 proprie
704 1764 970 1829 fimpliciter
990 1795 1004 1820 ³
1041 1763 1091 1812 ὃς
1117 1762 1291 1812 sineere
1315 1765 1553 1830 explicare
1579 1766 1849 1817 don-tinam
1873 1767 2058 1833 justitiae
2078 1773 2127 1822 ὅ(
2151 1773 2304 1822 salutis

99 1830 294 1889 nostrae,
331 1833 472 1897 idque
497 1847 694 1889 cavere,
720 1847 780 1880 ne
807 1831 902 1879 ullo
927 1833 1076 1879 modo
1099 1830 1177 1878 lux
1203 1832 1304 1890 illa,
1343 1849 1402 1880 ex
1423 1836 1604 1898 ingenti
1629 1836 1716 1884 Dei
1744 1839 1891 1900 gratia
1905 1835 2007 1901 jam
2032 1840 2303 1905 aliquotan-

101 1915 191 1947 nos
215 1897 355 1946 instar
378 1899 481 1948 solis
505 1900 754 1964 splendore
778 1900 860 1948 suo
884 1899 1066 1964 fulgens
1090 1898 1442 1958 obscuraretur,
1469 1900 1668 1965 objeffls
1689 1906 1897 1953 tenebris
1924 1915 2004 1954 aut
2025 1908 2204 1957 nebulis
2217 1910 2305 1956 hu-

99 1966 251 2022 inanae
280 1967 529 2030 sapientiae.
602 1968 708 2015 Nec
732 1965 824 2015 ulla
848 1981 908 2014 ex
928 1974 1064 2033 parte
1084 1968 1589 2018 commiscerententur
1611 1968 1728 2018 fides
1751 1971 1800 2020 ὃς
1823 1987 1996 2037 opera.,
2033 1975 2122 2023 five
2138 1975 2306 2024 fidei&

106 2030 309 2099 operum
325 2031 526 2096 justitia,
561 2035 732 2099 Neque
755 2035 897 2083 animi
920 2035 1170 2083 hominum
1195 2036 1364 2083 iterum
1381 2037 1605 2100 implicati
1627 2037 1901 2101 labyrinthis
1916 2041 2235 2092 relaberentur
2247 2045 2305 2092 ad

107 2116 282 2166 opera,
316 2103 364 2150 ὅ(
388 2104 512 2149 circa
536 2100 677 2151 fidem
702 2102 919 2150 facerent
939 2101 1260 2165 naufragium,
1300 2103 1483 2171 suaeque
1504 2105 1656 2153 salutis
1673 2104 1922 2168 jaeturam.

276 2167 525 2216 Testamur
546 2176 704 2216 autern
728 2185 889 2217 coram
914 2171 1019 2218 Deo
1044 2171 1091 2219 ὅ(
1116 2169 1341 2228 Ecciefia,
1379 2190 1466 2221 nos
1492 2176 1555 2222 ita
1578 2174 1746 2221 sentire
1770 2173 2045 2238 &judicare
2068 2178 2128 2224 de
2148 2178 2306 2228 vestris

105 2235 311 2298 scriptis,
345 2237 393 2284 in
417 2237 590 2300 quibus
614 2234 820 2285 tracitatis
847 2235 1205 2300 justificationis
1226 2241 1335 2290 fidei
1358 2242 1602 2290 articulum
1628 2241 1676 2290 &
1701 2240 1962 2291 dofitrinam
1987 2244 2135 2293 salutis
2157 2276 2171 2298 ‚
2207 2252 2311 2310 quae

107 2304 344 2365 contingit
357 2302 448 2350 fide
465 2318 547 2366 per
561 2302 811 2351 CHristum
837 2320 894 2352 ac
924 2310 1160 2371 praecipue
1185 2307 1234 2355 in
1259 2309 1340 2367 iis,
1392 2310 1559 2373 quibus
1582 2324 1676 2372 prae
1699 2308 1795 2357 aliis
1819 2310 2018 2359 multum
2049 2312 2308 2376 adjumenti.

110 2369 320 2427 attulistis
341 2369 554 2417 Ecclesiae
578 2372 793 2419 adversus
817 2371 1030 2420 Osiandri
1062 2375 1314 2439 insaniam,
1343 2378 1550 2426 retinere
1574 2392 1631 2424 ac
1654 2379 1775 2425 tueri
1799 2393 1884 2425 vos
1898 2379 2168 2427 consensum
2202 2398 2306 2447 pro-

110 2438 271 2483 batum
307 2435 583 2484 testimoniis
617 2439 959 2502 prophetarum
985 2441 1032 2489 ὃς
1056 2441 1425 2506 Apostolorum,
1464 2460 1517 2492 ac
1540 2443 1810 2493 illustratum
1835 2445 1882 2494 ὅ(
1904 2447 2141 2494 defensum
2167 2451 2210 2495 in
2225 2452 2307 2497 Ec-

110 2503 236 2550 clesis
263 2502 520 2551 instauratis
543 2504 698 2551 nostra
719 2514 887 2563 aetate,
923 2509 1069 2572 quue
1092 2525 1178 2557 vos
1196 2527 1340 2575 ,agere
1363 2515 1409 2561 in
1434 2513 1782 2568 controverfia,
1818 2521 1870 2559 ut
1893 2511 2104 2561 doifflna
2131 2515 2308 2564 restitu-

111 2579 157 2617 ta
175 2573 241 2617 de
266 2571 465 2618 articulo
486 2568 833 2633 justificationis
857 2577 1116 2624 retineatur
1135 2578 1317 2643 integra
1351 2580 1400 2628 ὅ(
1418 2583 1720 2642 incorrupta,
1753 2580 1801 2629 <Sc
1823 2580 2102 2627 insinuantes
2128 2583 2167 2629 se
2192 2600 2308 2648 quo-

111 2652 300 2701 cunque
326 2647 583 2700 praetextu,
616 2640 812 2690 nomine
842 2641 888 2689 ὅ(
913 2643 1063 2705 specie
1091 2647 1382 2710 corruptelas
1406 2649 1710 2696 removeatis.
1776 2649 1894 2713 Qio
1916 2657 2046 2694 certe
2068 2648 2218 2698 studio
2245 2662 2311 2700 at-

115 2720 204 2769 que
229 2702 546 2768 diligentia'in
568 2707 726 2770 primis
750 2722 870 2771 opus
899 2708 962 2755 est
985 2710 1081 2771 hoc
1116 2721 1335 2776 tempore
1361 2745 1372 2766 ,
1410 2718 1604 2779 quando
1634 2714 1847 2762 diabolus
1879 2717 2039 2763 omnia
2070 2720 2311 2781 experitur

107 2775 282 2834 ‘aperto
321 2783 471 2820 marte
510 2788 594 2836 per
631 2776 923 2838 tyrannidem
949 2809 962 2832 ,
1011 2777 1068 2824 Et
1091 2782 1279 2828 occulte
1303 2791 1505 2830 conatur
1524 2796 1607 2845 pe‘r
1629 2781 1835 2838 insidiaS‚
1873 2782 2083 2839 fraudes,
2115 2787 2312 2835 technas

115 2836 431 2897 astutiffimas,
467 2842 625 2887 omnia
652 2844 713 2888 ita
741 2852 1011 2902 pervertere
1037 2860 1091 2892 ac
1116 2856 1330 2896 evertere
1353 2882 1368 2906 ‚
1401 2864 1462 2897 ne
1488 2849 1598 2913 quid
1631 2865 1827 2914 usquam
1847 2849 2100 2909 sincerum,
2137 2856 2310 2911 sanum,

118 2915 198 2953 aut
222 2906 461 2971 integrum
490 2907 793 2973 relinquatur.

1282 3045 1418 3113 Ἧι
1682 3110 1686 3113 ,
2217 3058 2318 3122 jam
