2554 3394
198 147 305 212 ἠε
749 137 1064 206 zeraenenssss
1089 142 1176 195 bei·
1199 142 1428 202 lanchen
1456 156 1516 208 δυ
1549 146 1842 218 zambrim.

206 273 488 336 pecca-tores
503 259 754 322 &injustos
767 274 884 306 vere
886 255 1108 322 justificat
1119 293 1134 316 ‚
1171 262 1461 308 remittendo
1478 265 1542 310 eis
1557 273 1753 326 peccata
1765 301 1776 318 ,
1809 281 1906 312 non
1920 275 2078 313 tamen
2092 254 2278 332 reliquit
2291 267 2410 332 inju-

207 337 316 386 stos.
388 332 512 379 Cum
536 326 754 374 homines
777 326 1020 390 improbos
1042 323 1190 389 justos
1212 329 1576 389 pronunciant‚'
1602 341 1797 376 manent
1823 331 1881 377 illi
1911 328 2060 394 injusti
2087 349 2249 382 coram
2272 336 2409 393 Deo,

208 399 508 468 quantumvis
521 408 681 441 coram
696 392 967 440 hominibus
990 392 1287 441 absolvantur
1300 427 1314 451 ,
1352 394 1401 442 ὃς
1422 410 1508 457 pro
1524 397 1588 441 eis
1606 395 1834 441 sententia
1848 399 2021 446 feratur
2035 407 2254 465 tanquam
2261 398 2409 464 justis.

205 472 358 521 Deus,
397 478 503 511 cum
530 460 812 525 pronunciat
836 457 1055 521 justosex
1070 458 1242 522 injustis
1260 494 1273 517 ,
1305 459 1729 522 vei-ejustosfacit,
1764 464 1962 524 imputat
1978 466 2412 530 credentibusjusti-

205 538 319 584 tiam
336 528 534 580 Christi,
569 529 812 574 con-donat
836 525 920 573 illis
937 535 1134 590 peccata
1150 537 1347 592 propter
1368 527 1447 574 filii
1473 528 1534 576 sui
1560 526 1938 574 fatisfaffionem.
2010 532 2172 581 Verax
2193 534 2257 582 est
2285 536 2413 582 Deus

205 603 254 650 in
269 599 424 649 verbis
447 596 559 650 suis,
596 608 695 656 quae
720 594 834 640 dicit
844 622 862 648 ‚
893 608 947 640 ea
968 595 1092 641 facit.
1166 596 1255 642 Dei
1277 597 1433 642 dicere
1456 594 1535 642 seu
1556 596 1870 660 pronunciare
1896 594 1961 643 est
1984 596 2170 659 facere,
2203 598 2414 651 vivificat

205 673 423 717 mortuos
436 663 484 711 ὃς
498 668 640 710 vocat
653 674 708 706 ea
728 674 829 724 quae
843 676 942 708 non
959 661 1060 708 sunt
1073 691 1087 714 ,
1120 670 1173 709 ut
1188 661 1304 711 fint.'

377 731 614 792 Scriptura
627 729 824 775 verbum
829 724 1079 790 justificare
1101 729 1274 793 accipit
1285 729 1331 776 in
1343 736 1496 776 utra-m
1504 742 1592 793 que
1605 735 1788 793 partem
1801 729 1849 777 in
1862 729 2029 778 malam
2043 731 2091 780 ὅ(
2103 731 2294 786 bonam.
2361 735 2414 782 In

205 800 377 852 malam
393 795 590 859 accipit,
627 808 736 842 cum
760 795 864 842 mali
891 795 1068 854 malOS,
1105 792 1256 859 injusti
1280 794 1473 858 injustos
1494 797 1837 860 pronunciant,
1876 795 1925 845 ὅ(
1948 796 2136 846 laudant
2152 795 2322 861 justos,
2355 801 2414 848 de

209 870 375 936 quibus
395 863 489 912 Esai
511 875 549 920 5.
576 862 759 909 dicitur.
830 862 917 909 Vae
932 864 1094 915 nobis,
1132 865 1212 927 qui
1225 861 1485 928 justificatis
1510 864 1704 927 impium
1721 896 1736 919 ,
1770 866 1884 910 item
1907 863 2133 912 Proverb.
2156 880 2228 926 ¹7·
2292 868 2418 914 Tam

208 929 752 1002 quijustificati-mpium‚
789 944 930 994 quam
944 928 1201 995 quijustum
1227 931 1546 982 condemnat,
1583 931 1875 978 abominatio
1898 930 1963 978 est
1977 932 2080 978 Deo
2094 932 2195 979 Luc
2217 947 2289 982 io.
2311 934 2412 980 Vo-

206 1001 392 1052 lebatse
406 997 553 1063 ipsum
567 995 812 1061 justificare
828 997 941 1045 Luc.
965 1013 981 1044 1
995 1000 1038 1046 6.
1108 998 1215 1045 Vos
1230 997 1334 1045 estis
1348 1030 1363 1054 ,
1399 998 1476 1061 qui
1484 994 1743 1059 justificatis
1759 1012 1847 1045 nos
1861 1012 2020 1046 coram
2036 999 2306 1047 hominibus
2322 999 2418 1049 (See.

207 1073 260 1118 ln
273 1072 448 1117 bonam
461 1072 645 1130 partem
666 1065 792 1112 idem
807 1065 1009 1111 verbum
1031 1065 1300 1128 usurpatur,
1339 1080 1447 1112 cum
1471 1065 1585 1112 boni
1600 1063 1692 1113 five
1707 1066 1850 1111 etiam
1871 1063 2007 1122 mali,
2048 1064 2266 1114 debonis
2281 1066 2329 1115 ὅ(
2344 1063 2420 1129 ju-

207 1137 284 1186 stis
307 1133 432 1183 reete
446 1131 707 1180 sentiunt&
717 1128 932 1195 judicant
947 1164 962 1188 ‚
1001 1147 1180 1195 eosque
1195 1131 1501 1180 declarant&
1523 1131 1749 1179 testantur
1773 1129 2016 1193 effejustos
2033 1165 2047 1189 ‚
2083 1133 2162 1179 seu-
2184 1148 2271 1196 pro
2288 1129 2419 1196 justis

207 1202 489 1253 sententiam
503 1199 677 1249 ferunt.
748 1198 823 1246 Sic
836 1199 983 1245 utitur
996 1199 1150 1247 Moses
1178 1201 1321 1249 Devt.
1348 1214 1424 1259 25.
1462 1198 1665 1246 Psalmus
1690 1207 1764 1254 82.
1791 1196 2044 1260 justificare
2058 1195 2263 1262 justum,
2297 1198 2417 1247 Psal-

207 1287 314 1321 mus
332 1284 404 1330 51.
427 1275 478 1314 ut
485 1263 763 1330 justifeceris
783 1266 829 1311 in
843 1266 1130 1313 sermonibus
1146 1267 1235 1313 tuis
1248 1266 1364 1314 Luc,
1378 1280 1426 1326 7.
1447 1263 2065 1327 Publicanijustificaverunt
2079 1267 2229 1315 Deum
2244 1264 2419 1314 Matth.

213 1354 293 1386 12.
327 1337 396 1384 Ex
409 1335 563 1383 verbis
583 1329 1015 1394 tuisjvustificaberis.
1086 1333 1205 1379 Item
1230 1350 1243 1379 1
1262 1331 1557 1393 1.justificata
1570 1332 1635 1378 est
1649 1332 1866 1395 sapientia
1881 1332 1907 1378 a
1922 1332 2019 1379 filiis
2036 1333 2135 1379 suis.
2203 1333 2255 1379 In
2268 1332 2339 1379 his
2352 1330 2420 1379 lo·

211 1406 280 1454 cis
294 1404 437 1451 etiam
452 1401 581 1447 Deus
604 1400 772 1445 dicitur
787 1395 1050 1459 justificari,
1086 1400 1214 1461 quod
1237 1399 1346 1461 quid
1371 1397 1493 1444 aliud
1516 1396 1605 1443 effe
1633 1396 1812 1458 potest,
1851 1395 2421 1462 quamjustum-agnosciz,

211 1467 498 1520 declarari&
510 1466 828 1529 comprobari,
841 1467 935 1512 dari
951 1465 1010 1512 illi
1029 1465 1214 1512 laudem
1221 1462 1557 1526 justitiae,quod
1571 1463 1621 1509 fit
1629 1461 1774 1524 justus
1788 1466 1804 1511 ἓ
1824 1465 2004 1510 Eodem
2020 1464 2142 1512 sensu
2160 1465 2301 1512 etiam
2317 1479 2422 1512 ver-

214 1541 329 1587 bum
344 1535 493 1598 accipi
509 1566 522 1590 ,
557 1548 665 1579 cum
680 1533 860 1579 mentio
876 1530 926 1577 fit
944 1527 1285 1593 justificationis
1301 1528 1409 1576 fidei
1422 1560 1436 1583 a
1475 1530 1632 1574 notius
1656 1527 1720 1573 est
1735 1561 1749 1583 ,
1787 1540 1927 1591 quam
1941 1538 1993 1575 ut
2016 1545 2135 1591 opus
2152 1529 2202 1575 sit
2217 1529 2424 1577 testimo-

210 1607 292 1656 nia
310 1604 555 1652 adducere.
627 1599 702 1645 Sic
717 1596 1130 1660 usurpatur-psalm.
1150 1609 1254 1654 142.
1321 1597 1435 1641 Non
1448 1591 1770 1655 justificabitur
1784 1594 1830 1640 in
1850 1594 2105 1657 consp-effi&
2119 1603 2202 1642 tuo
2226 1594 2343 1642 ullus
2356 1597 2424 1644 vi-

214 1688 346 1722 vens.
366 1669 499 1716 Esaiae
523 1681 598 1725 53.
668 1666 718 1711 In
733 1666 1011 1726 cognitione
1024 1658 1361 1725 suijustificabit
1379 1660 1572 1719 multos,
1587 1660 1744 1710 servus
1755 1675 1886 1709 meus
1891 1658 2053 1724 justus.
2086 1659 2202 1711 LuC.
2223 1669 2298 1718 18.
2332 1662 2426 1709 De-

211 1731 675 1797 scenditjustificatus
687 1732 734 1777 in
749 1732 946 1777 domum
963 1731 1102 1778 suam.

387 1803 596 1849 Eandem
609 1796 997 1861 fignificationem
1012 1798 1185 1844 retinet
1206 1803 1442 1859 perpetuo
1468 1792 1782 1858 Apostolusin
1807 1795 1980 1858 scriptis
1998 1795 2082 1843 suis
2099 1795 2243 1844 Rom.
2261 1803 2302 1850 8.
2339 1811 2422 1860 op-

213 1872 355 1940 ponit
367 1861 1154 1926 condemnationijustificationem
1171 1896 1183 1918 ,
1215 1865 1315 1926 quis
1338 1860 1403 1909 est
1416 1864 1493 1926 qui
1513 1862 1833 1909 condemnet?
1868 1863 1997 1909 Deus
2017 1861 2082 1910 est
2097 1865 2172 1926 qui
2191 1854 2425 1925 justificat.
2497 1874 2510 1880 ·

214 1943 386 2003 Neque
408 1934 543 1984 facile
560 1932 824 1995 proferetur
837 1931 1094 1979 ulluslocus
1111 1931 1342 1994 scripturae
1356 1962 1370 1987 ‚
1405 1930 1484 1977 ubi
1505 1931 1551 1978 in
1572 1928 1703 1977 causa
1711 1926 2055 1992 justificationis
2069 1929 2203 1978 aliter
2225 1930 2423 1995 accipia-

216 2016 292 2057 tur
305 2039 322 2064 ‚
346 2003 443 2069 jam
460 2018 546 2066 pro
560 1998 728 2062 justum
743 1999 1072 2062 pronunciare.
1984 2005 1989 2010 “

387 2067 683 2118 Ecclefiastici
701 2066 946 2129 scriptores
961 2065 1102 2112 secuti
1117 2063 1266 2111 latinae
1287 2062 1423 2112 voci-s
1447 2063 1790 2127 proprietatem
1804 2095 1817 2119 ,
1852 2063 1899 2110 in
1923 2062 2067 2110 altera
2087 2062 2184 2110 fere
2202 2060 2423 2126 fignifica-

215 2137 430 2190 tione-usi.
446 2137 546 2184 sun-t
559 2135 709 2182 verbo
715 2130 964 2195 justificare
978 2167 995 2188 ,¹
1028 2148 1114 2196 pro
1123 2128 1498 2194 justumfacere:
1535 2131 1589 2177 Et
1610 2131 1684 2177 hic
1699 2130 1798 2177 usus
1829 2132 1974 2193 magi-s
2000 2131 2186 2178 obtinet
2207 2145 2268 2178 ex
2291 2136 2424 2178 vete-

216 2225 322 2258 rum
338 2205 512 2268 scriptis
527 2235 541 2258 ‚
564 2217 703 2264 quam
728 2215 785 2246 ex
800 2200 931 2247 sacris
944 2199 1101 2248 literis.
1172 2196 1346 2252 Nostri,
1361 2212 1626 2262 quanquam
1642 2212 1741 2244 non
1756 2196 2031 2260 refugerunt
2044 2200 2089 2244 in
2105 2196 2304 2245 latina&
2316 2211 2422 2260 ger-

216 2275 408 2323 manica
419 2271 577 2333 lingua-
588 2270 670 2315 has
684 2282 828 2314 voces
849 2265 1019 2329 justum
1042 2261 1438 2326 facere&justum
1461 2262 1557 2313 fieri
1572 2297 1585 2320 ,
1623 2263 1781 2326 gerecbt
1803 2264 2002 2326 machin!
2035 2264 2124 2315 unb
2147 2261 2302 2327 geredfl
2321 2273 2425 2314 merc

217 2345 299 2395 ben*
310 2374 324 2404 Ι
362 2339 616 2405 prudenter
629 2336 850 2382 tamenin
863 2333 1043 2397 exegesi
1065 2333 1111 2381 ὅ(
1126 2331 1398 2378 definitione
1412 2346 1586 2395 magno
1602 2329 1792 2379 consilio
1811 2330 2156 2395 exposuerunt,
2176 2327 2425 2392 justificare

217 2426 306 2474 pro
326 2405 494 2471 justum
516 2404 859 2467 pro-nunciare,
891 2402 966 2448 (eu
982 2407 1229 2464 acceptare
1244 2428 1261 2451 ,
1292 2406 1345 2446 ut
1367 2405 1505 2446 caute
1529 2397 1837 2446 excluderent
1857 2412 2065 2444 errorem
2081 2399 2139 2444 de
2155 2394 2331 2459 justitia
2352 2398 2419 2444 in·

220 2472 433 2524 haerente
445 2506 462 2529 .,
494 2470 523 2517 ἃ
535 2485 625 2533 qua
637 2469 821 2532 longius
837 2469 1084 2515 abducitur
1097 2466 1327 2526 cogitatio
1343 2466 1512 2521 animi,
1533 2480 1640 2512 cum
1658 2465 1911 2529 exponitur
1917 2461 2168 2526 justificare
2181 2479 2268 2527 pro
2283 2460 2418 2525 repu-

220 2553 320 2592 tare
335 2575 348 2598 ‚
385 2541 458 2588 seu
473 2537 785 2603 pronunciare
794 2533 967 2598 justum
983 2567 999 2590 ⁷
1034 2535 1081 2583 ἃ
1104 2532 1301 2581 offertur
1321 2530 1533 2579 definitio
1548 2533 1668 2595 ipsa,
1709 2534 1838 2597 quod
1854 2528 2124 2594 justificatio
2147 2531 2199 2578 fit
2219 2524 2421 2576 remiffio
2508 2528 2515 2529 ’
2539 2506 2543 2508 .

221 2617 560 2676 peccatorum,
582 2605 637 2650 ad
653 2600 784 2664 cujus
799 2603 1130 2665 probationem
1146 2615 1270 2648 nunc
1292 2600 1635 2664 progredimur.

394 2674 523 2721 Cum¹
535 2669 758 2718 tratratur
773 2671 1016 2733 negotium
1030 2666 1365 2730 justificationis
1377 2700 1394 2724 ‚
1429 2666 1476 2715 ὅ(
1497 2667 1716 2730 quaeritur
1727 2668 1851 2714 unde
1865 2665 1911 2714 ὅ(
1926 2665 2172 2728 quo-modo
2193 2667 2423 2724 peccator

218 2741 495 2807 justificetur
506 2773 521 2796 ,
546 2746 665 2785 tunc·
683 2738 835 2801 agitur
848 2740 906 2783 de
921 2737 1089 2800 perditi
1101 2732 1305 2783 hominis
1318 2735 1619 2798 reparatione
1632 2767 1651 2789 ,,
1666 2733 1714 2783 ὅ(
1726 2733 2019 2780 restitutio-ne
2032 2729 2287 2793 ingratiam
2301 2735 2320 2783 ς
2338 2743 2422 2776 un·-

225 2814 284 2858 de
299 2809 470 2856 excidit
482 2821 567 2870 per
578 2812 826 2870 peccatum
842 2837 855 2861 ‚
875 2804 1092 2867 q-uaeritur
1109 2801 1355 2865 quomodo
1369 2809 1597 2865 peccator
1612 2801 1846 2848 obnoxius
1865 2800 1939 2845 irae
1951 2797 2068 2851 Diei,
2092 2797 2232 2842 morti
2246 2828 2260 2851 ‚
2277 2794 2326 2843 ὅ(
2339 2810 2423 2859 po-

225 2875 592 2924 testatiS-atanae,
631 2873 879 2926 liberetur·,.
907 2869 1231 2919 &ablolvatur
1252 2868 1476 2932 &peccati
1493 2867 1924 2915 condemnationez
1961 2862 2190 2909 Condicio
2216 2862 2420 2909 hominis

228 2941 380 3003 injusti
393 2941 439 2989 ὃ(
453 2940 657 2986 damnati
671 2937 875 2985 ostendit
889 2940 1121 2985 rationem
1135 2933 1470 2998 justificationis
1488 2969 1501 2991 ‚
1539 2951 1636 2982 non
1657 2936 1778 2981 bene
1793 2932 1988 2978 alterum
2012 2927 2308 2992 intelligitur,
2345 2927 2426 2975 nifi

231 3008 426 3057 aiterum
440 3007 654 3071 proprius
673 3005 1005 3055 consideretur.
1075 3005 1358 3069 ignorantur
1374 3001 1716 3066 redemptionis
1741 3000 1787 3047 ὅ(
1803 2993 2144 3061 justificationis
2166 2993 2425 3109 beneficiati

2342 3077 2389 3110 m
