2554 3394
820 123 907 171 JV.
948 122 1227 197 CONTRA
1262 100 1587 192 MAIOREM.
1629 101 1632 104 ’
1826 187 1850 191 Η
1986 183 1989 188 ,
2232 139 2333 192 227

123 248 236 293 tium
249 240 419 301 Christi
433 237 636 289 velillius
657 237 813 301 gloriae
826 237 1090 286 detrahere·
1143 239 1302 286 Erant
1323 240 1616 305 temporibus
1639 236 2074 308 Apostolorumqui
2088 243 2336 308 abuteren-

90 338 92 341 ·
123 299 200 359 tur
212 311 427 358 libertate
443 305 678 370 Evangelii
695 307 751 352 ad
773 305 1019 361 licentiam¹
1037 304 1215 362 carnis,
1253 306 1300 354 &
1321 308 1792 355 commendationem
1817 311 1975 374 gratiae
2000 326 2060 357 eo
2085 315 2337 376 raperent»

125 387 177 425 ut
199 379 439 428 dicerent,
465 383 726 435 peccemus,
748 370 1051 425 utabmadet,
1079 371 1258 434 gratia.
1329 375 1443 422 Non
1458 381 1654 439 propter
1668 388 1750 421 eos
1777 383 1936 429 tamen
1959 377 2174 441 Apostoli
2199 373 2337 423 desti-

122 451 282 491 terunt
294 442 543 502 praedicare
568 438 878 486 Christianam
896 440 1188 495 libertatem,
1225 447 1306 486 aut
1327 438 1906 503 commendare'justitiam
1931 442 2110 495 fidei&
2131 442 2335 511 gratiana

120 509 292 558 Christi
305 537 319 562 ‚
355 521 511 570 neque
528 520 725 570 operum
741 502 1066 553 necessitatem
1077 507 1136 553 ad
1152 505 1344 554 salutem
1365 508 1704 573 imposuerunt.
2319 515 2325 532 ”

254 655 256 657 -
288 627 449 676 Facilis
464 626 527 674 est
541 627 822 675 commixtio
841 625 1025 690 justitiae
1040 626 1226 675 caelestis
1251 628 1299 677 ὃ(
1315 628 1533 692 politicae.
1604 631 1654 676 In
1668 595 1843 692 justitia
1861 630 2052 695 politi-ca
2070 630 2330 697 spe&andae
2363 692 2375 699 Χ

117 697 221 755 sunt
244 695 371 759 leges
395 695 443 743 ὅ(
466 710 636 758 opera,
672 693 747 741 sed
771 697 815 742 in
841 694 1085 756 spirituali,
1124 696 1283 742 divina
1308 697 1356 744 ὅ(
1378 695 1544 743 caelesti
1565 697 1750 761 prorius
1773 711 1832 744 ex
1855 698 2002 747 oculis
2023 703 2330 752 removendae

116 763 221 812 sunt
235 777 401 810 omnes
417 763 545 826 leges
560 761 606 810 ὃς
621 776 764 824 opera
783 794 798 817 ,
836 763 883 810 ὅ(
899 761 990 808 sola
1005 755 1246 825 promiffio
1272 761 1337 810 est
1360 763 1658 828 inspicienda.

282 885 396 932 Ideo
415 881 537 948 quali
560 883 677 929 duos
691 884 893 929 mundos
909 881 1260 942 constituimus,
1294 899 1439 933 unum
1455 884 1697 933 coelestem
1710 919 1724 943 ,
1760 887 1958 935 alterum
1974 895 2215 938 terrenum
2230 924 2244 948 .,
2280 890 2332 942 ὃς

112 954 159 1001 in
174 951 277 1000 illos
296 950 585 998 collocamus
603 949 716 996 duas
724 947 922 1012 justitias
937 950 982 1001 ὅ(
997 951 1120 998 inter
1132 951 1175 999 se
1190 953 1396 1000 maxime
1408 952 1641 1002 distantes.
1711 954 1889 1018 Justitia
1910 955 2018 1003 fidei
2031 956 2232 1005 coelestis
2244 953 2326 1016 est,

115 1035 256 1084 quam
269 1019 326 1064 de
339 1015 468 1065 coelo
480 1016 765 1080 accipimus,
803 1033 900 1064 non
924 1018 1120 1066 facimus
1136 1052 1150 1075 ,
1179 1019 1254 1067 sed
1269 1018 1361 1066 fide
1385 1022 1814 1085 apprehendimus,
1852 1038 1936 1087 per
1960 1039 2100 1087 quam
2126 1027 2330 1076 ascendi-

112 1100 216 1134 mus
231 1085 360 1149 supra
382 1099 548 1131 omnes
562 1083 750 1146 leges&
765 1099 928 1148 opera⁴
999 1088 1159 1133 Nemo
1176 1087 1310 1134 sanus
1334 1097 1595 1151 repugnat,
1632 1089 1904 1137 docendum
1921 1091 2011 1137 effe
2034 1094 2091 1139 de
2102 1094 2328 1156 ¹operibus

114 1153 250 1203 bonis
269 1153 317 1199 &
339 1153 560 1206 caritate,
602 1150 675 1196 sed
691 1151 735 1197 id
750 1151 1019 1198 faciendum
1034 1151 1097 1198 est
1113 1152 1191 1200 suo
1207 1155 1637 1218 tempore&loc0,
1674 1159 1863 1221 quando
1888 1157 2062 1207 scilicet
2086 1160 2148 1207 de
2172 1162 2325 1228 operi·

111 1219 196 1265 bus
209 1217 396 1282 quaestio
413 1217 476 1264 est
488 1226 620 1265 extra
634 1217 880 1266 articulum
899 1217 1255 1282 justificationis.

281 1339 407 1387 Cum
421 1344 582 1384 autem
596 1339 816 1398 quaeritur
827 1371 842 1393 ,
878 1354 968 1402 qua
982 1355 1030 1386 re
1043 1337 1346 1401 justificemur
1365 1341 1413 1391 ὅ(
1426 1344 1571 1391 vitam
1585 1350 1808 1392 aeternam
1824 1346 2166 1411 consequamur
2179 1359 2194 1398 t
2230 1339 2325 1397 Hie'

107 1405 443 1470 respondemus
464 1419 572 1450 cum
587 1401 761 1459 Paulo,
783 1401 1057 1468 sblafidein
1077 1403 1308 1468 Christum
1332 1424 1418 1456 nos
1439 1412 1741 1474 pronunciari
1757 1409 1904 1474 justos
1930 1414 1977 1463 <Sc
1999 1413 2187 1474 salvari,
2223 1430 2326 1464 non

107 1472 330 1537 operibus
344 1472 458 1534 legis
472 1477 552 1517 aut
566 1471 790 1517 caritate:
827 1471 941 1518 Non
955 1475 1084 1536 quod
1099 1489 1244 1538 opera
1258 1476 1306 1525 &
1330 1478 1573 1525 caritatem
1593 1475 1856 1540 rejiciamus
1870 1480 1946 1528 sed
1960 1483 2091 1545 quod
2115 1496 2174 1529 ex
2198 1481 2323 1530 statu

110 1537 253 1586 causae
267 1536 486 1584 nolumus
500 1535 686 1588 divelli,
724 1538 853 1599 quod
868 1538 1011 1586 Satan
1024 1545 1201 1603 quaerit.
1274 1542 1400 1589 Cum
1415 1558 1529 1608 ergo
1548 1545 1785 1594 versamur
1799 1548 1846 1593 in
1866 1547 1975 1595 loco
1991 1549 2237 1596 communi
2259 1552 2321 1597 de

99 1602 434 1669 justificatione
448 1632 462 1656 ,
498 1600 763 1665 relegamus
778 1617 940 1667 opera,
1010 1607 1050 1653 Is
1064 1610 1190 1655 enim
1204 1607 1335 1656 locus
1351 1625 1646 1676 nequaquam
1659 1615 1865 1662 admittit
1879 1616 2244 1680 disputationem
2257 1619 2320 1677 de

102 1673 341 1736 operibus.
431 1671 504 1718 De
523 1653 856 1733 justificatione
882 1678 1042 1721 autern
1071 1676 1223 1738 agitur
1245 1678 1434 1739 quando
1460 1693 1605 1743 opera
1628 1688 1874 1745 ponuntur
1894 1682 2228 1734 neceffariaad
2253 1684 2318 1747 ἡ,

101 1738 263 1787 lutern-

275 1860 424 1925 Qod
447 1857 476 1904 fi
499 1857 841 1924 aliquiintelligi
864 1860 1013 1909 velint
1032 1862 1158 1912 hanc
1181 1865 1449 1913 orationem
1468 1868 1527 1914 de
1539 1865 1871 1930 justificatione
1896 1872 1971 1920 seu
1996 1875 2318 1926 declaratione

101 1942 226 1977 verae
240 1924 448 1991 fideiper
460 1926 585 1973 bona
609 1941 754 1990 opera
770 1961 782 1984 ,
820 1936 870 1975 ut
895 1928 947 1975 fit
976 1930 1152 1989 sensus,
1188 1933 1312 1980 bona
1337 1948 1483 1997 opera
1510 1935 1600 1982 effe
1626 1937 1876 1985 necessaria
1898 1942 1956 1988 ad
1977 1938 2317 1992 testificandam

96 1993 358 2046 salutem&
381 1991 711 2040 declarandam
733 2009 897 2042 veram
920 1993 1060 2044 fidem
1076 2031 1090 2055 ‚
1135 2006 1298 2047 tamen
1317 2001 1508 2049 vitanda
1533 2002 1598 2049 est
1616 2005 1874 2067 periculosa
1899 2010 2178 2075 ambiguitas
2202 2027 2315 2074 prae-

102 2061 256 2126 scripti
270 2063 315 2108 in
331 2060 553 2123 scriptura
568 2062 690 2107 sacra
712 2064 879 2125 quibus
895 2070 1082 2111 utamur
1105 2065 1198 2113 sine
1213 2066 1425 2131 periculo
1444 2069 1493 2119 ὃς
1516 2068 1776 2120 offenfione
1799 2073 1848 2123 &
1870 2075 2041 2142 absque
2062 2076 2312 2127 confirma,

100 2131 232 2177 t10ne
247 2129 603 2192 hypocritarum
619 2129 694 2192 qui
711 2130 937 2177 dimicant
950 2130 1181 2180 obstinare
1195 2149 1283 2198 pro
1297 2131 1476 2197 Justiti‘a·
1487 2151 1701 2202 operum.

238 2242 241 2245 ’
271 2250 511 2309 Breviter,
549 2248 625 2297 lex
638 2264 733 2296 non
752 2249 895 2298 solum
914 2267 1012 2299 non
1026 2252 1091 2301 est
1105 2254 1354 2304 necess'aria
1369 2257 1818 2321 adjustificationem
1834 2296 1849 2321 ,
1884 2265 1961 2312 sed
1985 2266 2123 2329 plane
2139 2268 2313 2318 inutilis

9 2347 13 2355 x
100 2313 467 2380 &impossibilis
538 2318 650 2362 Non
676 2316 740 2363 est
761 2318 959 2365 datalex
978 2327 1030 2367 ut
1048 2319 1269 2382 justificet
1291 2339 1345 2372 ac
1369 2326 1581 2375 vivificet
1599 2337 1679 2376 aut
1698 2330 1889 2379 salutem
1915 2333 2124 2397 praestet,
2155 2335 2234 2383 sed
2261 2344 2311 2384 ut

99 2393 352 2449 peccatum
372 2383 586 2431 ostendat
603 2382 793 2432 &iram
867 2387 1112 2450 Qantum
1127 2389 1302 2439 coelum
1317 2407 1342 2439 a
1355 2400 1477 2441 terra
1491 2394 1650 2452 distat,
1685 2405 1871 2446 tantum
1887 2402 2029 2448 debet
2044 2401 2121 2448 lex
2143 2419 2167 2448 a
2190 2402 2309 2465 jisti·

98 2450 321 2527 ficatIOne
333 2449 530 2514 separari
543 2485 557 2508 ‚
594 2466 684 2498 nec
699 2459 859 2499 tamen
876 2452 955 2530 lex
970 2455 1078 2503 ideo
1093 2454 1324 2533 abolenda
1336 2493 1350 2516 ,
1378 2470 1458 2509 aut
1472 2478 1497 2509 e
1511 2465 1823 2514 concionibus
1837 2467 2044 2514 tollenda
2060 2467 2137 2515 est.
2177 2470 2309 2536 Qin

96 2517 516 2632 Ξῗῇῐὲἒὲοῖὲεῐξεῖἷε
530 2518 594 2566 est
606 2533 711 2566 eam
726 2520 948 2571 doceri&
961 2536 1143 2587 urgeri,
1180 2527 1308 2591 quod
1321 2544 1421 2577 non
1434 2529 1499 2577 est
1513 2531 1761 2580 necessaria
1774 2533 1850 2581 sed
1863 2532 2150 2599 impossibilis
2164 2539 2223 2585 ad
2235 2537 2308 2600 ju-

261 2703 756 2770 Postjustificationem
772 2711 939 2775 sponte
953 2713 1204 2778 sequuntur
1214 2717 1340 2767 bona
1357 2735 1502 2785 opera
1517 2720 1608 2770 fine
1618 2722 1724 2787 lege
1737 2729 1945 2786 cogente
1956 2712 2005 2773 ὅ(
2018 2730 2306 2790 extorquen-

92 2779 158 2820 te.
227 2771 330 2822 Lex
347 2784 505 2822 autem
523 2792 619 2823 non
644 2776 708 2824 est
726 2778 847 2825 utilis
872 2779 921 2828 «Sc
944 2782 1220 2843 necessaria,
1256 2802 1412 2852 neque
1435 2790 1491 2836 ad
1504 2786 1916 2852 justificationem,
1948 2806 2103 2856 neque
2127 2796 2185 2840 ad
2211 2793 2304 2843 ulla.

92 2853 237 2902 opera
250 2840 375 2916 bona
389 2875 403 2899 ,
438 2844 589 2890 multo
605 2846 756 2892 minus
772 2847 829 2892 ad
844 2846 1066 2910 salutem,
1085 2851 1164 2900 sed
1175 2864 1374 2905 econtra
1385 2854 1654 2920 justificatio
1668 2887 1684 2916 ‚
1709 2860 1834 2907 bona
1849 2874 1993 2923 opera
2008 2860 2182 2910 &salus
2200 2862 2304 2912 sunt

93 2904 343 2955 necessaria
358 2911 414 2957 ad
434 2910 722 2975 implendam
738 2911 911 2979 legem.

1178 3051 1228 3143 3
1254 3055 1286 3146 f
1321 3079 1359 3129 2
2185 3064 2304 3131 Re-
