2554 3394
719 172 807 221 m.
845 173 1114 223 CONTRA
1149 174 1207 223 A.
1245 175 1876 267 osJAQ
2231 160 2317 236 183

133 252 1066 269 ....--·-—---—-=-——-----
1333 261 1398 266 ⁷„
1679 261 1682 264 .

116 291 288 355 Spiritu
306 290 480 347 sancito,
511 290 654 336 etiam
682 289 883 351 {equitur
906 290 1156 336 innovatio
1180 291 1350 336 veteris
1375 287 1718 338 hominisitem
1744 303 1868 335 nova
1891 289 2223 338 obedientia&
2240 291 2324 336 bo-

114 374 176 414 na,
196 375 369 423 opera,
404 373 504 420 quae
527 357 631 403 su'nt
651 356 824 403 fruetus
846 389 859 410 ,
890 355 1076 418 justitia·
1102 386 1116 409 ‚
1150 356 1281 410 fidei,
1321 357 1367 404 &
1399 358 1460 403 ob
1483 357 1529 402 id
1558 357 1603 401 in
1629 353 1849 415 scriptura
1884 358 2102 402 dicuntur
2126 353 2321 417 justitia,

115 424 165 473 ὅ(
184 422 284 472 haec
299 423 557 486 justificatis
580 424 719 470 etiam
745 424 982 486 contingit
1009 422 1240 470 beneficio
1267 422 1456 473 Christi.
1537 423 1661 468 Nam
1688 428 1738 465 ut
1773 420 2002 468 beneficia
2031 419 2321 486 redemptio-

115 493 187 553 nis
213 492 260 539 ὅ(
286 488 621 550 justificationis
646 523 659 545 ‚
701 489 921 553 prorniisa
945 491 1113 537 suntin
1151 489 1341 536 Christo
1373 490 1421 538 <Sc
1447 490 1695 536 credentes
1731 500 1784 532 ea
1818 485 1908 532 fide
1940 493 2321 552 conseqvuntur,

112 559 179 605 ita
201 558 345 605 etiam
368 557 599 604 beneficio
625 555 796 604 Christi
820 558 1057 619 contingit
1080 557 1380 602 credentibus
1408 555 1656 603 innovatio
1674 583 1686 605 ,
1714 552 1764 602 &
1788 567 1923 600 nova:
1948 556 2227 603 obedientiae
2249 553 2320 618 iu-

113 622 250 681 stitia,
288 639 427 687 quam
455 631 713 686 operantur
734 621 827 684 jam
852 624 994 686 gratis
1012 620 1264 684 justificati.

285 687 614 738 Promiffiones
639 692 696 736 de
725 691 1036 736 innovatione
1062 688 1266 735 hominis
1293 702 1376 751 per
1399 685 1638 734 Christum
1653 685 1898 751 leguntur,
1919 686 2061 733 Deut.
2083 701 2156 746 30.
2219 688 2321 735 Cir-

49 785 56 792 ·
108 757 338 804 ‘cumcidit
363 758 595 804 Dominus
623 757 746 804 Deus
769 763 874 802 tuus
904 771 988 802 cor
1011 763 1145 801 tuum
1168 755 1216 802 &
1240 769 1325 801 cor
1351 755 1534 801 seminis
1562 756 1627 801 tui
1644 787 1657 809 ‚
1696 765 1746 800 ut
1770 754 1932 818 diligas
1956 753 2216 800 Dominum
2232 755 2322 800 De„

112 839 191 871 um
215 831 347 871 tuum
371 838 429 870 ex
450 832 556 871 toto
582 826 726 871 corde
751 830 835 870 tuo
860 836 920 869 ex
955 829 1059 868 tota
1091 825 1247 868 anima
1282 830 1391 876 tua,
1427 820 1639 884 Jeremiae
1669 835 1742 879 31.
1825 822 1881 867 Et
1913 821 2035 867 dabo
2071 822 2136 867 eis
2162 835 2247 867 cor
2271 837 2321 867 u-

111 905 252 946 num,
279 892 404 939 viam
426 906 565 938 unam
583 923 598 946 ,
635 898 688 938 ut
725 892 924 937 timeant
959 903 1036 935 me
1059 887 1281 934 universis
1305 890 1467 936 diebus
1513 890 1560 935 ὅ(
1603 889 1725 933 bene
1749 886 1800 933 fit
1822 888 1886 934 eis
1908 917 1920 939 ,
1954 887 2001 935 ὅ(
2027 885 2127 934 filiis
2152 901 2321 934 eorum

61 973 68 980 ·
110 955 215 1021 post
238 972 348 1010 eos,
384 956 433 1005 &
453 957 626 1004 faciam
647 972 756 1003 cum
781 957 845 1003 eis
869 953 1058 1019 paritum
1083 955 1417 1017 sempiternnm
1444 991 1455 1008 ‚
1498 955 1544 1002 ὃς
1572 970 1668 1000 non
1697 953 1900 1000 definam
1924 955 1988 1000 eis
2014 955 2320 1006 benefacere,

111 1023 160 1072 ὅ(
183 1023 405 1070 timorem
426 1025 520 1070 mei
543 1025 669 1071 dabo
690 1027 737 1071 in
760 1024 905 1070 corda
928 1037 1121 1076 eorum,
1157 1021 1205 1069 &
1230 1036 1329 1068 non
1355 1023 1584 1068 recedent
1610 1020 1635 1066 a
1659 1036 1753 1071 me,
1788 1020 1835 1068 ὅς
1861 1021 2053 1067 Iret-abor
2078 1022 2212 1085 super
2237 1022 2320 1078 eis,

110 1104 220 1137 cum
245 1091 310 1137 eis
335 1091 637 1138 benefecero.
657 1087 828 1138 Ezech.
857 1092 934 1149 36·
1002 1088 1232 1137 Auferam
1269 1103 1354 1136 cor
1389 1089 1625 1150 lapideum
1659 1089 1718 1132 de
1753 1103 1893 1134 carne
1924 1087 2092 1144 vestra,
2126 1089 2170 1136 δε
2196 1089 2320 1136 dabo

110 1158 246 1204 vobis
269 1171 354 1203 cor
376 1172 618 1214 carneum,
651 1157 918 1222 &spiritum
943 1169 1104 1201 meum
1137 1170 1313 1218 ponam
1338 1156 1387 1201 in
1413 1154 1572 1200 medio
1592 1152 1748 1208 vestri,
1783 1154 1829 1202 ὅ(
1852 1155 2048 1207 faciam,
2073 1163 2122 1202 ut
2145 1155 2321 1219 inprae-

108 1223 259 1286 ceptis
291 1224 408 1271 meis
432 1224 694 1271 ambuletis.
763 1223 862 1270 Illas
885 1223 933 1272 ὅ(
959 1221 1122 1269 ssmiles
1147 1217 1476 1285 promiffiones
1503 1220 1632 1266 Deus
1657 1227 1853 1283 propter
1867 1220 2102 1270 Christum
2126 1239 2223 1269 non
2238 1223 2322 1270 mi-

107 1304 219 1346 nus,
239 1305 380 1353 quam
394 1319 408 1341 ,
443 1289 554 1337 alios
575 1289 814 1353 adimplet.

279 1356 373 1402 Dat
392 1357 616 1419 Spiritum
639 1371 819 1402 novum
843 1356 889 1401 in
912 1355 1057 1401 corda
1079 1355 1403 1408 credentium,
1433 1361 1487 1400 ut
1513 1354 1714 1400 timeant
1743 1353 1789 1401 &
1812 1352 2173 1416 diligant-Deum
2200 1353 2247 1402 ὅ(
2272 1357 2322 1403 in

105 1419 305 1470 studium
322 1422 512 1486 pietatis
534 1422 839 1477 incumbant,
867 1422 1122 1468 veritatem
1155 1417 1472 1485 promiffionis
1511 1420 1595 1466 Dei
1631 1421 1909 1467 innovantis
1943 1420 2022 1467 suo
2050 1422 2203 1484 spiritu
2229 1420 2321 1468 fide

103 1487 294 1536 Christo
315 1488 473 1536 inlitos
497 1489 807 1536 commendat
829 1487 955 1534 Paul.
981 1489 1098 1550 Eph.
1128 1504 1170 1537 2.
1208 1489 1453 1552 praemittit
1477 1487 1536 1533 de
1562 1487 1764 1548 gratuita
1785 1484 2118 1548 justificatione
2139 1488 2186 1536 ὅ(
2209 1487 2322 1535 falu-

110 1561 188 1601 te:
214 1553 372 1601 Gratis
392 1554 496 1602 estis
518 1555 679 1602 servati
694 1568 776 1618 per
798 1552 966 1609 fidem,
1002 1555 1143 1617 idque
1167 1570 1265 1601 non
1297 1569 1356 1601 ex
1389 1555 1543 1609 vobis,
1571 1553 1659 1599 Dei
1682 1553 1862 1599 donum
1888 1553 1977 1609 est,
2009 1570 2067 1601 ne
2091 1555 2190 1617 quis
2220 1554 2320 1619 glo-

102 1619 265 1676 rietur,
301 1621 472 1667 deinde
496 1622 624 1668 addit
647 1623 706 1667 de
733 1636 859 1667 nova
884 1622 1155 1667 obedientia
1189 1621 1237 1670 ὅς
1263 1620 1414 1668 studio
1435 1622 1673 1667 bonorum
1709 1618 1907 1683 operum
1927 1622 2012 1668 Dei
2035 1623 2226 1685 poierna
2251 1622 2319 1669 su-

107 1702 210 1735 mus
232 1689 413 1735 conditi
437 1688 483 1734 in
506 1687 693 1735 Christo
716 1685 819 1748 Jesn
846 1689 902 1733 ad
928 1689 1054 1735 bona
1079 1702 1242 1751 opera,
1281 1701 1381 1751 quae
1406 1686 1689 1751 praeparavit
1712 1687 1865 1740 Deus,
1899 1696 1949 1734 nt
1974 1689 2318 1737 ambularemus

109 1755 159 1800 in
176 1755 276 1814 eis;
309 1755 366 1799 ad
380 1753 540 1802 Titum
556 1770 596 1801 2.
628 1753 840 1800 Christus
856 1754 986 1800 dedit
1007 1755 1303 1817 semetipsum
1325 1770 1412 1817 pro
1441 1755 1605 1807 nobis,
1640 1755 1958 1800 utmundaret
1984 1754 2059 1801 fibi
2085 1756 2318 1819 populum

106 1820 395 1885 peculiarem
419 1818 700 1867 sectatorem
725 1820 963 1866 bonorum
998 1835 1216 1883 operum.
1287 1820 1441 1881 Hujus
1470 1821 1753 1867 obedientiae
1788 1836 1924 1868 novae
1952 1821 2226 1871 inchoatam
2245 1822 2318 1887 ju-

107 1882 277 1934 stitiam
302 1894 500 1949 oportet
522 1889 778 1950 prudenter
800 1885 1079 1951 distinguere
1103 1888 1129 1933 a
1145 1886 1321 1951 justitia
1344 1886 1480 1944 fidei,
1507 1902 1608 1949 quae
1631 1886 1696 1933 est
1714 1885 1916 1936 remiffio
1934 1896 2229 1953 pecatorum,
2255 1905 2318 1940 ne

106 1968 216 2002 cum
237 1952 314 2001 illa
339 1954 715 2003 commisceatur.
1544 1985 1547 1987 Δ

206 2024 208 2026 “
279 2019 513 2068 Βίίὶίηᾶεε
539 2022 640 2067 sunt
666 2020 752 2068 Dei
777 2019 1180 2084 promissiones&
1204 2020 1384 2070 diversa
1400 2017 1590 2082 objecta
1613 2019 1720 2068 fidei
1741 2018 1876 2083 juxta
1893 2022 2094 2070 diversas
2116 2024 2318 2086 promis-

105 2086 284 2142 siones,
316 2088 554 2151 promittit
578 2089 702 2134 Deus
728 2096 924 2151 propter
946 2085 1188 2135 Christum
1214 2089 1358 2151 gratis
1384 2103 1444 2133 ex
1467 2088 1779 2135 misericordia
1798 2087 2018 2152 justitiam
2042 2089 2316 2149 &salutm-1,

107 2155 345 2219 promittit
370 2155 731 2202 innovationem
756 2155 926 2201 interni
951 2155 1187 2211 hominis,
1217 2171 1313 2218 quo
1340 2155 1550 2201 redditur
1575 2156 1778 2219 probus,
1815 2157 2029 2219 integer,
2061 2157 2112 2206 ὅ(
2135 2156 2315 2206 sanetus

107 2223 156 2269 in
180 2220 332 2268 studiis
357 2220 405 2269 &
428 2222 650 2284 operibus
675 2222 779 2276 fuis,
817 2221 1054 2284 promittit
1074 2224 1264 2286 praemia
1289 2223 1573 2269 obedientiae
1601 2223 1648 2271 ὅ(
1671 2237 1872 2285 operum
1898 2222 2036 2281 fidei,
2075 2240 2177 2288 quae
2202 2239 2316 2288 prae-

109 2289 201 2335 mia
225 2288 324 2334 sunt
340 2289 464 2334 bona
487 2287 749 2351 corporalia
775 2287 823 2337 ἀ
843 2288 1103 2352 spiritualia.
1174 2287 1422 2336 Distinet-as
1435 2290 1522 2337 Dei
1547 2286 1903 2352 promiffiones,
1927 2290 2042 2339 fides
2063 2294 2316 2354 accipitdi-

108 2353 289 2408 stincte‚
324 2352 610 2414 &justitiam
635 2354 966 2402 consistentem
992 2357 1037 2402 in
1064 2356 1149 2402 Dei
1167 2352 1365 2417 judicio,
1390 2356 1597 2406 &vitam
1624 2364 1845 2404 aeternam
1872 2357 2116 2405 constituit
2137 2359 2182 2404 in
2200 2373 2312 2422 ope-

100 2422 259 2476 tribus,
298 2416 655 2482 pastionibus&
679 2423 854 2469 meritis
883 2422 1016 2469 solius
1043 2422 1245 2480 Christi,
1279 2439 1378 2470 non
1401 2424 1446 2470 in
1474 2424 1574 2471 ullis
1600 2424 1851 2472 hominum
1875 2426 2098 2489 operibus
2123 2422 2314 2488 &justi-

111 2488 213 2542 tiis,
261 2500 322 2531 ne
346 2487 393 2532 in
414 2488 464 2534 iis
488 2489 702 2550 quidem,
741 2504 842 2552 quae
867 2489 1122 2552 seqvuntur
1146 2488 1286 2538 fidem
1312 2491 1360 2538 in
1376 2487 1651 2552 justificatis.

292 2554 383 2599 Sed
408 2555 465 2600 de
487 2555 804 2617 hissprolixius
846 2556 1033 2602 dicendi
1076 2555 1210 2604 locus
1250 2558 1468 2621 proprius
1499 2559 1665 2604 ordine
1691 2556 1894 2621 sequitur
1918 2558 1965 2604 in
1991 2556 2308 2621 explicatione

107 2614 264 2666 nostra
283 2621 342 2669 de
375 2620 717 2668 inhabitatione
739 2622 829 2668 Dei
854 2624 901 2670 in
923 2623 1224 2671 credentibus
1247 2624 1297 2674 ἃ
1315 2625 1373 2672 de
1396 2627 1711 2673 renovatione
1735 2624 1956 2671 hominis.

649 2742 745 2792 DE
768 2742 1154 2798 EFFECTIBUS
1189 2743 1761 2802 JUSTYFJCATJONLS’.

561 2808 620 2857 Et
644 2809 858 2874 primum
897 2807 954 2857 de
991 2807 1329 2860 inhabitatione
1365 2810 1459 2859 Dei
1493 2807 1836 2873 injustificatis.

280 2894 540 2942 Prudenter
561 2896 788 2943 tradenda
811 2894 858 2941 ὅ(
883 2896 1065 2957 integra
1089 2897 1406 2943 conservanda
1428 2893 1492 2940 est
1512 2889 2088 2956 do&rinajustificationis‚
2119 2898 2305 2963 nequid
2378 2930 2382 2933 -

109 2960 373 3011 detractum
399 2964 456 3009 de
477 2965 624 3026 gratia
650 2964 736 3010 Dei
760 2962 932 3009 viribus
959 2962 1005 3010 ὃ(
1032 2964 1250 3025 operibus
1277 2963 1520 3009 hominum
1545 2961 1807 3018 deferatur,
1845 2959 2026 3009 firmam
2052 2977 2168 3014 vero
2190 2982 2304 3014 con-

109 3029 415 3097 solationem,
449 3030 739 3096 minimeque
770 3031 957 3078 dubiam
998 3029 1124 3093 spem
1163 3029 1315 3078 salutis
1351 3028 1647 3076 conscientia:
1680 3031 1944 3085 retineant,
1978 3044 2131 3094 neque
2155 3033 2302 3082 solum

2137 3117 2300 3164 opera,
