2554 3394
233 144 328 194 160
779 138 1095 203 ἓεὲἃηεηὸβ
1124 140 1208 192 ber
1232 137 1458 196 zzircbm
1492 152 1550 204 ευ
1579 138 1866 210 hamburg.

2303 228 2424 242 --

233 257 356 306 aliud
371 259 760 325 essetjustificare,
794 276 931 323 quam
947 261 1188 308 remittere
1203 268 1426 324 peccata,
1459 278 1557 308 non
1580 271 1835 329 utrumque
1856 263 2024 312 Paulus
2049 279 2136 330 pro
2158 267 2330 317 eodem
2351 267 2436 321 ha·-
2498 304 2502 306 -

235 324 424 390 biuisset,
461 338 573 392 puta
586 331 817 390 imputare
823 324 998 389 justitia
1011 326 1057 375 ὅ(
1075 342 1173 374 non
1186 329 1418 390 imputare
1433 336 1700 390 peccatum.
1855 374 1862 376 „
2493 332 2496 334 ’

407 396 456 440 In
471 410 572 456 cap.
586 396 618 440 Ι.
635 397 691 440 ad
706 392 881 442 Coloss.
897 394 944 439 in
965 393 1231 441 remissione
1248 401 1554 457 peccatorum
1581 394 1787 442 collocat
1806 402 1960 446 totam
1982 399 2364 464 redemptionem
2388 401 2439 454 δι
2500 394 2529 458 {³

235 464 356 510 hanc
371 461 588 525 perillam
602 460 780 517 definit,
799 461 862 506 ait
875 460 1029 510 enim}
1055 458 1142 507 Per
1157 457 1394 508 Christum
1408 460 1637 508 habemus
1653 461 2034 526 redemptionem
2049 481 2134 530 per
2148 467 2436 533 sanguinem,

235 529 407 577 scilicet
421 525 737 575 remissionem
767 534 1090 590 peccatorum.
1162 527 1230 574 Ex
1256 542 1352 573 uno
1379 528 1647 589 eodemque
1672 529 1829 591 spiritu
1845 560 1860 584 ,
1897 528 2151 580 Zacharias
2174 537 2222 583 in
2245 537 2451 585 cantico

234 597 314 644 suo
327 596 438 643 Luc.
455 595 490 646 Ι.
505 596 644 650 dixit,
668 595 813 641 totius
830 592 976 641 salutis
992 593 1230 642 scientiam
1243 593 1333 640 esse
1347 595 1394 641 in
1409 592 1675 642 remissione
1691 602 2013 658 peccatorum.
2081 599 2247 650 Paucis
2268 604 2439 653 descri-
2486 591 2488 594 ⁵

235 664 304 711 bit
318 660 524 710 officium
540 663 600 709 sui
615 660 693 708 filii
706 694 719 717 ‚
735 660 1034 708 antecessoris
1049 660 1247 717 Christi,
1268 661 1316 710 δε
1332 661 1457 709 usum
1474 660 1710 709 ministerii
1724 662 2017 724 Evangelici‚
2033 680 2127 728 quo
2140 669 2277 717 datur
2292 659 2441 720 scien-

234 731 301 778 tia
314 729 461 777 salutis
475 763 489 784 7
527 730 632 792 quia
647 726 849 774 ostendit
864 742 1023 776 veram
1037 729 1271 775 rationem
1286 728 1334 777 ὅ(
1350 729 1489 785 viam,
1504 745 1594 792 qua
1609 727 1940 792 consequimur
1952 730 2169 790 salutem,
2204 751 2304 800 quae
2319 753 2446 787 cona

235 796 322 844 stat
337 792 599 843 remissione
614 803 936 859 peccatorum.
1002 796 1207 859 Joannes
1220 797 1350 843 dedit
1365 792 1603 844 scientiam
1621 795 1771 842 salutis
1786 828 1800 851 -,
1828 797 1906 859 qui
1923 796 2191 848 testificatus
2203 801 2291 861 est,
2311 807 2441 869 quod
2480 825 2496 833 -

233 864 361 928 Jesus
377 862 425 909 fit
437 860 618 909 Messias
634 862 682 911 <Sc
695 877 840 924 agnus
864 861 1034 909 tollens
1049 870 1247 926 peccata
1260 864 1435 910 mundi.
1504 862 1629 910 Cum
1644 863 1900 910 Zacharias
1917 872 2068 911 totam
2093 865 2284 916 salutem
2296 904 2311 927 ,
2348 873 2441 920 Da.

234 933 316 980 vid
329 938 480 978 totam
495 929 837 977 beatitudinem
850 958 863 981 ,
897 928 1064 977 Paulus
1079 930 1460 994 redemptionem
1479 930 1905 995 &imputationem
1919 930 2105 994 justitiae
2120 933 2372 986 constituat
2390 941 2440 988 in

235 993 502 1113 {elmiffiossoe
519 1003 824 1060 peccatorum
838 1029 853 1055 ,
891 997 990 1061 quis
1003 995 1121 1060 juste
1134 993 1453 1062 reprehendat
1466 1012 1552 1046 nos
1565 998 1612 1045 in
1626 1012 1681 1045 ea
1694 996 1981 1047 constituere
1994 995 2378 1062 justificationem
2393 1006 2442 1058 ὅ(

258 1082 280 1113 a
301 1073 428 1113 utem
442 1102 453 1113 .

2500 679 2513 737 ,ἦ
2516 692 2524 735 'v
2530 666 2532 669 '

2504 839 2527 914 ‚ir

2496 911 2526 997 ἶῖὲ

408 1132 451 1179 Si
466 1129 637 1194 justitia
651 1130 771 1178 aliud
794 1130 1014 1194 quiddam
1037 1131 1103 1180 est
1128 1133 1388 1197 separatum
1411 1132 1438 1182 ἢ
1460 1130 1725 1181 remissione
1746 1140 2054 1195 peccatorum
2071 1164 2084 1187 ‚
2122 1136 2324 1200 sequitur
2344 1136 2443 1189 hoc

237 1200 482 1248 absurdum
499 1197 649 1252 dictu,
686 1196 1055 1260 nonjustificari,
1092 1201 1256 1263 quibus
1279 1202 1583 1248 remittuntur
1608 1210 1831 1263 peccata,
1866 1217 1963 1248 non
1989 1200 2079 1248 esse
2097 1199 2246 1264 justos
2263 1203 2444 1256 haben-

236 1276 308 1315 tes
321 1263 635 1314 remiffionem
651 1273 959 1329 peccatorum
973 1299 986 1322 2
1021 1281 1107 1313 nec
1125 1266 1282 1316 salvari
1298 1284 1380 1316 eos
1396 1301 1410 1325 ,
1448 1267 1621 1317 &falso
1637 1268 1868 1316 Davidem
1885 1301 1898 1326 ‚
1925 1270 2175 1333 promifiise
2195 1273 2442 1324 beatitudi-
2485 1292 2493 1298 ·

237 1349 352 1383 nem
374 1334 425 1381 iis
441 1363 453 1386 ,
486 1334 648 1398 quibus
664 1333 968 1379 remittuntur
983 1342 1195 1396 peccata.

410 1403 529 1465 Qae
544 1394 809 1460 fuitjustitia
825 1403 1088 1462 peccatoris
1103 1401 1148 1446 in
1163 1415 1301 1447 cruce
1318 1400 1529 1448 conversi
1541 1433 1554 1456 ‚
1584 1399 1665 1446 nisi
1680 1398 1882 1448 remiffio
1907 1403 2247 1464 peccatorum?
2281 1406 2442 1471 Qare

242 1466 436 1516 salvatus
453 1466 544 1518 est,
581 1466 801 1529 nisiquod
825 1473 1025 1529 propter>
1040 1463 1279 1513 Christum
1306 1466 1578 1514 crucifixum
1604 1469 1795 1514 unicum
1823 1467 2101 1515 salvatorem
2129 1471 2446 1535 consequutus
2504 1508 2508 1512 .

240 1533 306 1583 est
319 1534 657 1598 ignoscentiam
673 1533 857 1579 suorum
874 1531 1099 1579 scelerum
1113 1531 1131 1584 Ξ
1165 1534 1278 1579 Non
1294 1533 1376 1578 alia
1390 1531 1721 1593 rejustiticatus
1737 1531 1801 1577 est
1817 1533 2090 1593 publicanus
2104 1535 2217 1583 Luc.
2242 1545 2310 1590 18-
2330 1554 2443 1587 con-

171 1652 172 1662 *
239 1603 427 1665 fugiens
444 1602 498 1648 ad
514 1601 598 1647 Dei
613 1599 973 1647 misericordiam
990 1600 1331 1662 deprecabatur
1346 1600 1530 1644 veniam
1546 1629 1559 1651 ‚
1594 1598 1782 1644 dicens:
1817 1598 1943 1644 Deus
1957 1601 2195 1662 propicius
2219 1601 2316 1650 esto
2330 1605 2445 1658 mihi

239 1669 496 1735 peccatori.
531 1664 741 1714 Christus
756 1666 1068 1728 pronuneiat,
1109 1680 1216 1712 eum
1224 1661 1527 1726 justificatum
1543 1662 1823 1711 descendisse
1847 1667 1893 1712 in
1908 1665 2104 1714 domum
2119 1668 2258 1717 suam.
2294 1671 2445 1736 Qod
2505 1726 2508 1729 ¹

238 1737 392 1783 oravit
405 1733 680 1798 publicanus
697 1733 772 1780 fibi
787 1734 959 1779 remitti
976 1739 1171 1796 peccata
1186 1763 1199 1786 ‚
1221 1732 1265 1778 id
1279 1731 1537 1795 interprete
1553 1728 1741 1778 Christo
1755 1764 1769 1787 ‚
1789 1732 1983 1794 perinde
2000 1732 2340 1784 &tantundem
2354 1740 2444 1790 fuit

239 1803 327 1851 acsi
341 1799 603 1867 petivisset,
637 1797 951 1861 sejustisicari:
990 1797 1288 1847 Manifestum
1304 1798 1368 1844 est
1388 1813 1446 1845 ex
1459 1797 1735 1861 praefatione
1749 1797 2048 1861 Evangelistae
2060 1833 2074 1856 ,
2112 1816 2219 1849 cum
2233 1818 2445 1856 comme·
2468 1799 2470 1801 ’

237 1878 393 1921 morat
408 1866 646 1916 Christum
661 1865 817 1915 dixisse
831 1868 887 1913 ad
899 1870 1129 1929 ’quosdam
1144 1866 1220 1929 qui
1234 1866 1279 1912 in
1305 1865 1346 1912 s'e
1363 1864 1668 1917 confidebant
1682 1897 1695 1921 ‚
1731 1863 2130 1928 quodsessentjusti
2144 1901 2158 1925 ‚
2193 1869 2242 1918 ὃς
2264 1885 2324 1919 ex
2344 1875 2445 1924 sen·
2501 1859 2504 1875 ἶ

238 1939 388 1988 tentia
401 1935 598 1992 Christi,
633 1934 883 1982 Descendit
904 1931 1261 1994 hicjustificatus
1275 1932 1322 1979 in
1342 1934 1540 1979 domum
1556 1932 1679 1979 ssiam
1695 1965 1709 1988 ,
1732 1932 1824 1980 ὄις.
1859 1934 2006 1998 Qod
2027 1936 2072 1980 in
2097 1934 2324 1985 Pharisseo
2338 1957 2445 2005 pro.
2513 1931 2525 1959 ⁸

238 2007 391 2073 posuit
404 1999 953 2066 exemplumPharisaicae
967 1999 1179 2063 justitiae,
1218 2014 1319 2063 quae
1344 2002 1508 2048 nititur
1532 2000 1760 2062 dignitate
1786 2013 2015 2064 operum,
2049 2000 2098 2050 ὅ(
2121 2001 2166 2048 in
2191 2004 2445 2066 publicano
2527 2015 2529 2018 '

241 2071 516 2136 exemplum
531 2067 995 2128 Christianaejustitiae
1019 2064 1264 2130 expressit,
1301 2076 1401 2130 quae
1428 2067 1663 2130 contingit
1687 2066 2017 2130 peccatoribus
2036 2070 2280 2131 agentibus
2294 2076 2446 2138 poeni·
2508 2081 2529 2112 ³⁰

242 2141 441 2189 tentiam
456 2171 469 2195 ‚
509 2152 591 2201 per
605 2137 967 2184 misericordiam
983 2135 1069 2180 Dei
1085 2131 1349 2197 promissam
1364 2134 1410 2180 in
1425 2131 1614 2179 Christo
1629 2164 1642 2187 ‚
1657 2147 1796 2196 quam
1810 2131 1902 2179 fide
1916 2132 2290 2197 apprehendunt.
2329 2141 2445 2191 Pha.-
2515 2159 2531 2190 ,·

238 2207 350 2258 risaei
363 2206 573 2253 nituntur
586 2204 691 2251 falsa
704 2201 871 2250 fiducia
894 2216 1090 2264 operum
1104 2234 1117 2256 ,
1148 2198 1393 2248 confidunt
1408 2200 1449 2247 se
1465 2198 1711 2261 effejustos
1725 2234 1740 2259 ,
1774 2200 1868 2246 hoc
1884 2198 1948 2246 est
1963 2232 1975 2256 ‚
2009 2200 2101 2248 fine
2117 2209 2321 2266 peccatis
2336 2224 2442 2273 pro·
2516 2222 2518 2225 ’

239 2283 348 2340 pter
369 2288 514 2337 opera
529 2271 630 2320 sua:
661 2271 757 2336 Qi
773 2277 935 2317 autem
957 2268 1000 2316 se
1022 2266 1295 2326 humiliant,
1332 2265 1579 2315 confidunt
1595 2267 1683 2314 Dei
1703 2267 2026 2316 misericordiae
2047 2271 2175 2332 quod
2189 2268 2444 2334 justificen-
2502 2283 2521 2306 ²*

244 2351 320 2391 tur
333 2336 599 2389 remissione
613 2346 935 2401 peccatorum.

412 2408 478 2454 Ex
493 2407 588 2453 hoc
601 2407 649 2453 ὅ(
663 2406 1018 2469 quibuscunque
1034 2400 1127 2449 aliis
1141 2400 1368 2466 exemplis
1380 2435 1396 2458 ,
1430 2415 1532 2465 quae
1556 2400 1778 2465 scriptura
1793 2400 1853 2447 de
1874 2400 2107 2450 conversis
2128 2403 2176 2453 ὅ(
2181 2401 2442 2468 justificatis

241 2476 496 2542 proponit,
530 2472 800 2520 elucetluce
816 2471 1008 2526 clarius,
1035 2465 1260 2532 justitiam
1286 2468 1376 2514 effe
1399 2465 1714 2515 remissionem
1739 2476 2071 2530 peccatorum,
2109 2486 2163 2518 ac
2179 2469 2441 2534 justis-icari,

243 2546 370 2591 idem
393 2540 512 2598 esse,
535 2540 662 2605 quod
678 2536 742 2585 est
762 2538 938 2585 remitti
955 2542 1184 2600 peccata,
1215 2536 1261 2584 ὅ(
1283 2534 1310 2582 {i
1331 2537 1635 2583 damnatione
1657 2533 1944 2593 absolutum,
1971 2540 2206 2603 acceptari
2227 2540 2284 2587 ad
2297 2540 2442 2591 vitam
2516 2587 2529 2602 ¹,

243 2617 480 2659 aeternam.

646 2695 1138 2751 OBEDIENTIA
1203 2694 1305 2745 ET
1366 2693 1636 2744 PASSIO
1701 2692 2019 2745 CHRISTI
2528 2721 2539 2750 3

432 2827 435 2831 ,
934 2761 1055 2828 fitnt
1068 2759 1415 2826 nostra-justitia
1426 2768 1584 2812 'coram
1599 2764 1713 2812 Deo.

245 2849 370 2898 Cum
385 2852 449 2915 pii
460 2852 536 2900 vel
550 2852 715 2917 legunt
728 2886 742 2909 ,
777 2850 855 2900 vel
873 2851 1067 2898 audiunt
1079 2848 1263 2897 recitari
1287 2862 1344 2896 ex
1359 2847 1575 2896 Ofiandri
1600 2844 1887 2895 confessione
1899 2874 1914 2898 ‚
1951 2843 2079 2906 quod
2100 2857 2271 2906 negare
2297 2845 2442 2894 audet

248 2920 328 2963 det
341 2949 355 2972 ‚
389 2918 562 2967 Christi
578 2922 846 2983 sanguinem
864 2917 1067 2964 nostram
1091 2914 1411 2978 essejustitiam
1426 2949 1440 2971 ,
1481 2917 1527 2964 ὅ(
1543 2916 1696 2970 addit,
1734 2926 1961 2973 nusquam
1987 2911 2032 2956 in
2053 2911 2287 2973 Scriptura
2302 2914 2347 2960 id
2371 2927 2442 2960 re-

248 2983 416 3046 periri,
452 2988 636 3037 auribus
650 2987 871 3051 &animis
887 2987 1000 3034 totis
1013 2984 1289 3033 abhorrent.
1357 2983 1576 3030 Sentiunt
1595 2981 1718 3028 enim
1733 2976 1988 3044 pretiosum
2009 2975 2276 3043 sanguinem
2301 2979 2440 3092 Chii?

2426 3060 2438 3092 1

2501 3037 2540 3394 θῆκε
2510 2916 2512 2918 ⁴
2524 2875 2525 2878 „
