2554 3394
867 142 958 193 IV'.
986 140 1272 194 CONTRA
1287 160 1289 162 “
1302 140 1632 193 MAIOREM.
1805 167 1820 178 ·
2240 156 2339 220 εἰ,

119 272 185 315 te,
206 257 456 329 studioque
482 257 663 308 tuendae
685 256 1005 324 periclitantis
1028 256 1276 312 veritatis,
1310 253 1364 316 εἰ
1383 252 1650 320 explicandi
1685 250 1879 319 misbras
1909 250 2207 321 conscientias
2224 287 2244 309 ‚
2272 252 2347 304 ad

120 325 330 379 dandum
351 326 549 390 veritati
571 325 718 376 etiam
730 324 918 392 publice
937 322 1249 389 testimonium
1270 321 1451 372 moveri
1472 320 1652 371 debetis.

209 471 214 477 ,
294 415 467 466 Scimus
489 412 679 482 quidem
691 413 928 480 plurimos
948 412 1118 480 ubique
1141 407 1226 477 effe
1244 445 1262 466 ‚
1299 409 1386 478 qui
1407 426 1514 461 cum
1531 404 1718 472 modesti
1728 405 2064 476 sapientesque
2091 406 2246 458 videri
2261 423 2341 458 ve-

119 481 242 537 lint,
260 480 354 546 sibi
364 480 684 549 persuadeant
703 480 837 547 hasce
855 479 1169 531 contentiones
1191 475 1600 544 nostrasprivatas
1617 472 1718 544 effe,
1755 475 1880 525 nihil
1892 492 1949 526 ac
1973 474 2214 541 Ecclesiam
2229 475 2341 531 Dei,

121 548 334 617 nihilque
353 549 423 599 ad
425 549 484 616 [ἑ
495 550 766 616 pertinere,
798 547 916 616 quin
939 545 993 609 ὅ
1012 544 1262 597 clamitare
1285 545 1460 595 multos
1494 545 1733 600 novimus,
1777 559 1862 592 nos
1899 538 2121 612 κενοδοξὶςι
2151 557 2343 594 tantum

122 614 177 683 εἰ
194 616 476 674 ambitione,
512 615 827 685 quodscilicet
846 613 1051 666 Luthero
1060 611 1244 677 fimiles
1266 612 1421 662 videri
1452 611 1646 662 velimus
1665 646 1680 666 ‚
1702 608 1774 675 fic
1800 627 1906 665 cum
1934 608 2150 676 Papistis,
2187 613 2341 660 Inter-

121 682 282 748 imist'u
302 720 319 740 ‚
355 683 702 751 adiaphoristis,
739 682 1005 748 Epicureis,
1041 679 1096 742 εί
1119 677 1414 745 ofiandrista
1434 680 1604 731 rixari.
1682 680 1850 729 Verum
1870 677 2003 744 apud
2016 677 2155 728 bonos
2166 694 2338 732 omnes,

113 768 206 801 nos
228 750 349 816 hisce
368 753 641 808 calumniis,
675 765 778 801 tum
800 745 961 799 rerum
983 747 1192 816 ipsarum
1214 745 1461 813 manifesta
1482 749 1680 803 veritas,
1711 760 1815 797 tum
1837 744 2094 811 &summa
2106 743 2340 812 pericula,

115 819 173 869 in
191 820 355 887 quibus
373 820 584 888 quotidie
600 817 751 869 adhuc
777 818 829 868 ob
852 815 937 882 ista
958 817 1223 868 certamina
1239 815 1506 882 versamur,
1529 814 1662 866 haud
1678 814 1813 865 dubie
1823 813 2041 864 liberant.
2118 809 2345 872 Veriffime

119 886 244 936 enim
265 905 348 937 nos
367 904 553 956 quoque
578 884 859 951 afflic‘lisstmi
882 882 1072 950 CHristi
1095 881 1380 952 confessores.
1414 883 1619 938 Davidis
1640 883 1658 934 i
1691 881 1760 933 ud
1773 880 1925 932 dicere
1938 878 2203 948 possumus:
2252 881 2342 930 Vi·

117 956 190 1004 vit
212 956 472 1016 Dominus,
504 956 536 1006 fi
559 954 625 1004 est
648 954 800 1023 paisus
822 970 945 1008 unus>
966 956 1091 1005 inter
1117 971 1205 1005 nos
1229 955 1279 1006 ὅ(
1315 962 1554 1010 mortem,
1594 954 1638 1003 se
1691 960 1855 1002 tamen
1880 953 1938 1014 ⁴in
1970 967 2114 1000 manu
2145 950 2345 1000 Domini

119 1024 280 1072 omnia
318 1025 434 1073 sunt.
1961 1023 1963 1025 ’

291 1106 519 1156 Caeterum
561 1103 983 1155 calumniatoribus
1023 1100 1184 1164 nostris
1215 1100 1342 1152 nihil
1381 1096 1523 1153 aliud
1555 1113 1716 1167 optaro
1760 1116 1818 1152 ac
1849 1099 2077 1166 imperari·
2091 1092 2344 1163 poffitmtm

112 1185 267 1236 ¹qua-m
287 1185 343 1222 ut
362 1170 453 1238 ipſs*
453 1185 545 1238 per
563 1169 696 1237 haste
715 1189 873 1222 cruces
906 1170 958 1233 fif
992 1185 1167 1221 mortes
1189 1206 1206 1227 ,
1255 1170 1308 1220 in
1337 1170 1501 1238 quibus
1535 1186 1618 1218 nos
1635 1168 1834 1234 fingulis
1863 1166 1987 1218 horis
2005 1165 2169 1234 ferme
2188 1163 2345 1229 veifit·

119 1253 259 1293 mur,
296 1256 400 1289 eam
416 1239 649 1305 gloriam,
677 1256 823 1307 quam
836 1245 920 1288 nos
937 1239 1116 1289 ambire
1136 1237 1513 1293 calumniantur,
1548 1252 1757 1304 quaerere
1778 1236 2121 1302 experirentur.
2192 1234 2276 1285 Nae
2285 1231 2343 1281 il·-

115 1303 156 1355 li
177 1321 286 1355 mox
304 1342 322 1363 ,
353 1305 408 1371 si
433 1306 556 1375 quid
580 1305 734 1358 adhuc
763 1306 962 1357 humani
983 1305 1156 1357 habent
1173 1340 1191 1362 ,
1209 1303 1357 1372 fitam
1387 1303 1686 1372 nostramque
1701 1303 1883 1371 sortem
1912 1301 2189 1369 lugubiliter
2210 1299 2341 1367 mist·-

115 1386 361 1425 rarentur.

288 1458 400 1507 Haec
406 1451 518 1521 jam
535 1455 607 1507 ad
621 1472 705 1505 vos
717 1468 885 1522 patres
906 1455 957 1505 in
992 1453 1195 1506 Domino
1213 1452 1478 1517 plurimum
1509 1451 1771 1504 venerandi
1798 1449 1851 1512 εἴ
1871 1448 2067 1502 amandi
2087 1484 2105 1504 ‚
2134 1446 2343 1515 scribere

122 1521 366 1582 voluimus,
392 1537 633 1589 petentes,
663 1536 720 1573 ut
742 1540 835 1572 non
841 1521 1000 1587 solum
1020 1521 1077 1571 de
1088 1520 1396 1587 praefi’ntibus
1412 1519 1727 1589 quaestionibus
1749 1519 1872 1569 nobis
1894 1516 2198 1586 respondeatis
2211 1550 2229 1571 ,
2252 1513 2349 1579 sed

121 1589 174 1652 εἴ
194 1590 312 1639 alios
334 1588 523 1653 CHristi
537 1588 727 1656 puſsllos
744 1587 900 1651 vestra
918 1605 1029 1640 voce
1047 1587 1292 1644 erudiatis,
1323 1605 1380 1639 ac
1401 1587 1555 1638 veluti
1572 1586 1720 1654 digito
1743 1585 1891 1651 vestro
1912 1585 2166 1635 veritatem
2188 1582 2342 1633 CHri-

107 1654 175 1721 sti
204 1656 544 1721 monstrantes,
586 1655 738 1720 existis
761 1674 977 1707 errorum
1006 1655 1354 1706 dubitationum
1391 1673 1448 1706 ue
1467 1653 1756 1722 labotynthis
1778 1690 1795 1710 ,
1840 1654 2013 1721 quibus
2037 1669 2113 1702 eos
2129 1649 2342 1718 seducffo'-

120 1741 198 1774 res
218 1724 526 1775 involverunt
541 1760 561 1781 ,
592 1723 810 1774 evolvere
829 1759 844 1783 ‚
872 1741 929 1775 ac
948 1724 998 1774 in
1013 1723 1179 1773 «laetam
1185 1719 1342 1786 jucun
1376 1739 1549 1792 amque
1581 1722 1800 1773 veritatis
1830 1723 1982 1772 lucem
2014 1719 2204 1770 educere
2224 1716 2340 1767 veli-

120 1794 202 1850 tis,
223 1789 388 1860 fitque
438 1792 490 1842 in
544 1790 635 1843 hac
668 1789 846 1857 saltem
887 1790 1215 1859 spiritualium
1267 1789 1570 1857 mfiriarum
1609 1803 1752 1857 parte
1798 1786 1999 1853 Ecclefiae
2030 1786 2125 1840 Dei
2140 1785 2339 1854 succura

120 1872 251 1910 ratis.

134 1989 143 1998 .
291 1925 521 1978 Praeclare
563 1925 708 1975 etiam
745 1942 835 1975 non
870 1939 1062 1976 tantum
1092 1922 1149 1974 de
1170 1921 1367 1989 Ecclesia
1389 1925 1521 1982 Dei,
1553 1922 1640 1990 sed
1657 1923 1710 1986 εἴ
1729 1921 1901 1990 mistra
1924 1920 2203 1978 Germania,
2238 1934 2339 1995 qua

112 2010 222 2058 jam
236 1997 439 2060 peccatis
443 1993 547 2059 fitis
565 1993 736 2061 iraque
757 1994 851 2044 Dei
869 1992 1200 2060 miserabiliter
1219 2006 1419 2058 urgetur
1440 1991 1494 2055 εἴ
1515 1992 1832 2060 consumitur,
1874 1988 2189 2044 mereremini,
2210 1986 2338 2053 sibo-

123 2078 235 2110 nam
271 2061 484 2129 abquam
515 2061 799 2126 poenitentiae
821 2061 1203 2128 praedicationem
1225 2059 1566 2126 publicaretis,
1598 2075 1746 2129 atque
1767 2060 1809 2109 ei
1830 2057 2055 2126 quomodo
2076 2074 2107 2107 a
2133 2068 2338 2122 ventura

121 2128 197 2178 ira
219 2148 242 2193 e
279 2147 419 2194 ugere
430 2126 590 2194 possit,
621 2128 1049 2193 commonstrarem.
1117 2128 1247 2179 Nam
1268 2145 1370 2184 nos,
1405 2128 1641 2198 quicquid
1656 2125 1873 2193 ejusmodi
1883 2123 2120 2194 facimus,
2144 2121 2338 2174 maledi-

124 2196 256 2246 cendi
263 2196 420 2261 studio
433 2196 674 2264 plerisque
688 2195 858 2262 facere
878 2198 1108 2247 videmur.

292 2278 805 2346 Multisapientesjam
824 2280 1083 2331 deliberant
1101 2315 1120 2337 ,
1155 2277 1381 2346 quomodo
1406 2275 1573 2341 hostem
1582 2276 1769 2344 finibus
1795 2292 1984 2332 arcere,
2018 2272 2071 2336 εἰ
2091 2274 2338 2324 imminen-

120 2360 193 2395 tes
216 2346 516 2398 calamitates
547 2345 747 2414 effligere
769 2346 949 2414 possint.
1053 2347 1145 2398 Sed
1160 2347 1271 2413 quis
1291 2348 1476 2396 omnino
1496 2344 1770 2396 mortalium
1791 2342 1938 2393 credit
1959 2339 2338 2406 expeditiffimam

122 2413 254 2463 viam
277 2414 402 2464 iram
424 2415 540 2470 Dei,
565 2429 818 2484 poenasque
837 2414 1089 2485 effugiendi
1109 2414 1193 2484 effe
1212 2413 1457 2482 agnofiere
1468 2427 1666 2482 peccata
1686 2447 1703 2470 ,
1737 2428 1793 2463 ac
1803 2424 1968 2479 petere
1974 2409 2255 2477 fitppliciter
2265 2423 2336 2457 eo-

121 2497 229 2531 rum
252 2483 438 2532 veniam
459 2499 490 2532 a
513 2486 626 2534 Deo.
1933 2532 1941 2537 γ,

295 2569 454 2634 Qam
488 2570 710 2633 graviter
750 2567 831 2618 vel
863 2566 1154 2619 horribiliter
1176 2567 1340 2635 potius
1359 2584 1417 2617 ex
1427 2563 1581 2632 sacris
1600 2564 1767 2619 literis,
1786 2560 1910 2637 sepe
1941 2562 2029 2612 Vir
2050 2560 2144 2612 Dei
2164 2557 2338 2610 Luthe-

125 2651 201 2684 rus
234 2635 493 2685 Germaniae
522 2636 572 2684 ob
597 2634 990 2701 ingratitudinem
1028 2653 1142 2701 erga
1175 2634 1485 2701 Evangelium
1519 2630 1708 2695 CHristi
1726 2667 1743 2687 ,
1789 2642 1992 2679 minatus
2000 2626 2093 2691 fit,
2127 2627 2337 2677 novimus

125 2719 293 2751 omnes.
396 2703 550 2770 Atqui
582 2721 673 2752 non
702 2702 825 2752 vidit
858 2701 987 2752 Elias
1016 2703 1091 2752 ille
1112 2701 1221 2767 istas
1242 2701 1489 2753 horribiles
1508 2698 1862 2750 abominationis
1877 2693 2198 2761 desolationes,
2232 2711 2337 2762 quae

123 2782 271 2818 totam
283 2766 392 2833 jam
412 2770 721 2820 Germaniam
743 2769 1068 2820 contaminant
1085 2805 1103 2826 ,
1134 2769 1417 2836 multiplices
1425 2766 1610 2833 stilicet
1641 2763 1910 2829 instauratae
1931 2776 2019 2829 per
2041 2779 2147 2812 eum
2169 2760 2336 2812 doetri-

125 2853 193 2885 nae
216 2834 267 2897 εἴ
296 2835 495 2902 Ecclefiae
517 2837 805 2904 corruptelas
823 2872 840 2893 ,
875 2853 933 2887 ac
968 2850 1068 2886 tam
1114 2837 1257 2888 varia
1295 2836 1496 2886 Interim
1515 2870 1532 2891 ,
1571 2850 1654 2884 nec
1691 2845 1877 2897 turpem
1900 2830 2253 2895 abnegationem
2281 2826 2334 2889 εἰ

124 2901 446 2969 defeHionem,
489 2923 578 2956 non
603 2906 801 2973 denique
843 2903 1153 2977 execrandam
1181 2902 1316 2979 istam
1341 2900 1582 2969 falsorum
1605 2898 1831 2967 fratrum
1850 2895 2038 2958 CHrilli
2050 2895 2337 2962 persecutio-2·

127 2987 246 3020 nem.
312 2973 426 3041 Qae
443 2973 654 3042 ingentia
656 2985 855 3042 peccata
869 2988 998 3023 nemo
1009 2988 1117 3035 Jam
1143 2975 1346 3094 (quuge
1367 2986 1472 3020 cum
1492 2985 1548 3021 ea
1569 2967 1713 3019 etiam
1720 2965 1901 3035 fitmmi
1928 2963 2144 3042 Theolqgi
2156 2961 2334 3082 &aru-

1335 3049 1353 3091 e
1388 3053 1418 3089 ι,
2198 3072 2201 3074 -
2256 3048 2334 3082 en-
