2554 3394
165 227 167 229 ι
236 164 337 224 244
792 142 1104 208 zetaentnfiss
1138 144 1225 196 ber
1259 145 1489 202 sst'rdnn
1521 158 1579 208 δυ
1616 149 1898 214 &Qamburg⁸

260 227 1922 247 Μ

165 282 169 288 ’
237 271 324 319 bus
339 285 435 318 non
452 262 589 329 poffit
602 260 713 310 salus
726 257 1003 323 comparari.
1029 288 1033 289 ν
1073 258 1398 321 Qamobrem
1415 257 1499 304 illae
1513 259 1654 305 etiam
1676 275 1776 307 non
1801 262 1997 308 multum
2020 277 2044 307 a
2069 258 2294 326 papistico
2309 275 2435 309 erro-

236 353 288 386 re
301 336 586 396 discrepant,
624 334 704 376 aut
718 333 846 374 certe
861 341 960 372 non
973 341 1137 389 parum
1153 339 1261 370 eum
1284 321 1583 371 confirmant.
1652 357 1658 364 .

404 402 653 458 Quantum
667 403 824 442 autem
838 400 1086 457 peccatum
1102 391 1152 438 sit
1166 390 1386 437 exitiosos
1412 388 1742 453 &jamdudum
1757 392 1971 454 explosos
1986 409 2166 441 errores
2181 428 2194 450 ,
2227 391 2302 441 vel
2322 408 2438 441 con.
2541 437 2545 442 ,

238 468 418 517 firmare
432 498 445 521 ‚
477 462 553 513 vel
567 465 708 511 etiam
723 460 877 525 aliquo
893 461 1039 507 modo
1062 472 1289 507 revocare
1303 489 1317 515 ,
1356 456 1639 506 manifestius
1660 456 1723 503 est
1740 473 1800 504 ex
1812 461 1957 506 verbo
1972 463 2082 519 Dei,
2116 476 2255 526 quam
2282 467 2332 507 ut
2347 459 2438 510 ulla
2521 442 2551 495 i

237 536 519 601 probatione
533 531 754 594 indigeat.
1094 536 1102 537 ’
1526 530 1534 534 “
2518 508 2547 569 J,

406 599 636 646 Praeterea
652 598 792 643 etiam
819 591 1063 641 fatendum
1079 590 1144 638 est
1168 593 1331 648 nobis,
1367 591 1497 655 quod
1522 589 1655 638 diecae
1678 590 1962 654 hypotheses
1985 593 2297 650 adstruentes,
2323 594 2439 643 bona
2523 577 2551 634 J]

237 681 374 733 opera
387 662 468 731 effi}
491 658 737 728 neceffizria
759 658 1027 724 adsalutem
1040 693 1057 713 2
1081 655 1132 718 εἴ
1135 674 1169 706 c.
1238 656 1381 724 Qod
1389 654 1724 721 impofflbilestt
1737 673 2021 732 quequmm
2033 657 2139 721 stne
2158 660 2279 708 bonis
2294 661 2440 726 operi-

238 728 661 799 husfizlvaripoffi’,
699 730 950 777 obscurant
964 735 1105 798 atque
1129 734 1406 787 pervertant
1429 723 1687 772 doctrinam
1704 727 1760 772 de
1769 724 2128 787 justificatione,
2164 743 2302 791 quam
2328 729 2442 776 Pau·
2524 723 2550 778 ζ’

239 805 309 853 lus
324 800 525 850 ele&um
540 801 627 847 Dei
642 811 870 861 organum
886 790 1230 858 exquilitiffime
1250 794 1296 842 <Sc
1316 809 1373 840 ex
1388 791 1593 858 professo
1616 793 1662 838 in
1678 791 1886 855 Epistolis
1898 795 1954 840 ad
1978 794 2118 841 Rom.
2142 794 2189 843 ὅ(
2214 795 2317 842 Gal.
2342 797 2446 843 scri·
2520 783 2548 826 3-

241 874 327 927 tis,
360 867 592 934 praecipue
608 864 789 913 tractat.
858 862 1143 925 Atqueiniis
1157 857 1253 908 hoc
1268 877 1412 907 unum
1425 861 1548 924 agit,
1567 866 1619 907 ut
1633 859 1867 916 inculcet,
1891 861 2017 923 quod
2043 860 2133 908 sola
2146 861 2237 909 fide
2251 861 2446 910 inChri-
2478 846 2484 848 i
2531 832 2550 878 t(

243 939 360 987 stum
383 935 475 982 line
499 934 636 982 bonis
661 931 881 996 operibus
902 927 1219 992 justificemur.
1291 930 1452 993 Qare
1477 929 1654 991 inquit,
1690 942 1856 975 omnes
1880 928 1956 975 sub
1981 937 2180 991 peccato
2205 929 2447 978 conclusos
2525 923 2551 961 Ἴ

243 1004 383 1071 peffe,
405 1004 625 1052 &carere
647 998 797 1062 gloria
822 998 923 1045 Dei.
994 997 1152 1043 Docet
1176 997 1290 1042 item
1312 1027 1326 1051 ,
1364 996 1492 1059 quod
1518 995 1594 1042 lex
1618 995 1822 1058 requirat
1846 997 2075 1058 integram
2105 986 2463 1053 obedientiam,
2523 986 2552 1047 ’.Ῐ-,ῑ

243 1090 382 1140 quam
399 1086 543 1119 nemo
555 1067 805 1116 hominum
828 1063 1040 1129 praestare
1064 1062 1217 1128 potest
1235 1097 1249 1118 ,
1286 1078 1375 1111 nec
1394 1076 1455 1121 ex
1479 1061 1582 1125 lege
1605 1062 1676 1109 vel
1699 1062 1810 1125 legis
1837 1063 2056 1126 operibus
2079 1061 2371 1126 expe&anda
2395 1063 2449 1110 fit
2515 1050 2548 1118 ff

243 1142 356 1191 salus
374 1137 542 1188 nostra.
611 1136 771 1182 Docet
785 1134 926 1180 etiam
942 1165 954 1187 ,
970 1133 1098 1196 quod
1113 1130 1188 1177 lex
1202 1129 1417 1177 ostendat
1432 1130 1566 1176 nobis
1580 1137 1777 1193 peccata
1793 1129 1946 1177 nostra
1959 1162 1973 1185 ,
1988 1129 2134 1177 &nos
2147 1146 2172 1176 a
2187 1131 2227 1176 se
2243 1131 2299 1177 ad
2313 1129 2451 1178 Chri·

243 1210 362 1257 stum
373 1207 584 1254 remittat
598 1236 612 1260 ,
648 1210 701 1249 ut
715 1203 760 1249 in
781 1199 881 1265 ipso
907 1199 1004 1246 solo
1021 1213 1277 1262 quaeramus
1300 1198 1347 1247 ὅ(
1373 1199 1666 1246 inveniamus
1690 1196 1897 1244 salutem.
1966 1198 2023 1244 Et
2042 1196 2183 1243 salute
2209 1205 2340 1261 parta
2362 1198 2450 1244 do·
2538 1191 2539 1194 ’

243 1286 347 1333 cet,
385 1288 485 1339 quae
500 1271 548 1320 &
563 1268 713 1334 qualia
725 1282 872 1332 opera
886 1276 1001 1314 tunc
1027 1266 1109 1312 lint
1126 1264 1393 1329 praestanda.
1465 1264 1650 1311 Contra
1675 1271 1833 1310 autem
1848 1265 1918 1310 hae
1935 1260 2221 1327 hypotheses
2244 1265 2451 1320 docent,

244 1354 298 1391 ut
310 1358 418 1390 cum
433 1340 653 1387 sentimus
666 1342 972 1399 peccatorum
986 1332 1162 1378 molem
1180 1364 1195 1386 ,
1229 1332 1278 1381 ὅ(
1292 1332 1662 1394 magnitudinem
1678 1332 1753 1376 irae
1769 1332 1853 1377 Dei
1866 1330 2079 1378 adversus
2093 1338 2289 1393 peccata
2303 1363 2316 1386 ,
2353 1346 2455 1378 non-

165 1436 171 1440 *
247 1410 392 1458 solum
407 1403 735 1466 confugiamus
749 1401 805 1446 ad
821 1398 1086 1453 Christum,
1125 1398 1201 1443 sed
1226 1404 1276 1443 ut
1298 1396 1425 1442 simul
1450 1398 1591 1442 etiam
1607 1396 1796 1458 leginos
1811 1394 2127 1457 subjiciamus,
2161 1412 2261 1459 quae
2276 1412 2371 1443 non
2384 1398 2448 1451 ni-

248 1477 471 1537 fiintegre
495 1471 543 1518 &
568 1465 776 1533 perie&e
791 1465 1119 1526 obedientibus
1136 1463 1326 1509 {alutem
1343 1466 1507 1509 donat.
1576 1463 1631 1507 Et
1645 1463 1772 1523 quod
1794 1477 1894 1508 non
1909 1462 2052 1508 solum
2066 1478 2090 1508 a
2105 1462 2293 1508 Christo
2309 1465 2451 1509 unico

249 1544 365 1608 legis
387 1537 765 1587 consummatore
781 1565 794 1588 ,
832 1531 907 1577 sed
929 1529 1055 1575 simul
1077 1530 1216 1575 etiam
1232 1543 1291 1573 ex
1312 1528 1417 1589 lege
1435 1527 1510 1573 vel
1535 1525 1648 1588 legis
1674 1529 1894 1588 operibus
1915 1525 2136 1588 justitiam
2160 1527 2208 1574 ὅ(
2230 1528 2452 1586 (alutem,

250 1610 419 1677 partim
434 1623 459 1652 a
473 1601 661 1652 Christo
677 1601 954 1660 imputatam
969 1628 982 1651 ,
1015 1595 1060 1643 ὃς
1077 1594 1245 1658 partim
1271 1594 1470 1657 propriis
1485 1593 1704 1655 operibus
1720 1594 1934 1639 meritam
1948 1593 2300 1656 consequamur.

420 1672 534 1719 Haec
547 1665 763 1732 profe&o
787 1661 998 1710 do&rina
1013 1677 1123 1709 cum
1135 1659 1280 1707 Paulo
1296 1660 1467 1707 collata
1483 1659 1620 1723 plane
1634 1657 1719 1706 alia
1734 1668 1873 1723 atque
1889 1659 2063 1706 diversa
2076 1658 2141 1706 est
2153 1693 2167 1716 ,
2202 1675 2292 1723 qua
2312 1661 2455 1709 etiam

249 1759 348 1792 non
361 1740 507 1788 solum
526 1734 742 1783 doctrina
756 1728 1151 1794 dejustificatione
1167 1761 1180 1785 ,
1195 1728 1270 1775 sed
1285 1727 1331 1777 ὅ(
1347 1729 1504 1774 multae
1518 1726 1612 1774 aliae
1629 1738 1786 1790 partes
1800 1725 2019 1774 doetrinae
2034 1725 2231 1775 coelestis
2247 1742 2457 1775 corrum-

251 1817 427 1878 puntur
440 1814 579 1868 atque
594 1800 883 1850 obscuriores
898 1799 1171 1845 redduntur.
1226 1797 1347 1843 Nam
1361 1795 1389 1842 s1
1403 1795 1698 1849 conceditur,
1713 1795 1839 1857 quod
1856 1810 1950 1840 non
1967 1802 2151 1841 tanturn
2166 1793 2338 1842 Christi
2363 1809 2457 1842 me·
2542 1809 2546 1811 “

251 1879 350 1927 ritis
365 1910 378 1932 ,
417 1873 492 1922 sed
511 1872 557 1920 c&
571 1868 960 1918 concurrentibus
983 1862 1144 1912 nostris
1157 1863 1292 1910 bonis
1312 1859 1848 1926 operibusjustificernur
1870 1862 1945 1908 seu
1966 1860 2220 1914 salvemur,
2252 1861 2460 1917 neceffa.
2500 1867 2529 1885 ·=

253 1947 323 1994 rio
342 1943 570 2006 sequitur,
604 1938 731 2001 quod
747 1932 958 1982 Christus
983 1947 1079 1980 non
1096 1929 1161 1978 est
1181 1929 1301 1977 solus
1326 1931 1588 1984 mediator,
1628 1929 1703 1976 sed
1728 1929 1775 1978 ὅ(
1802 1943 1946 1992 opera
1966 1927 2116 1975 fimul.
2186 1929 2306 1975 Item
2329 1929 2459 1992 quod

256 2009 466 2061 Christus
489 2022 586 2054 non
601 2004 665 2052 est
682 2002 798 2051 solus
812 2002 1086 2063 redemptor
1098 2032 1111 2054 ,
1149 1998 1223 2045 sed
1245 1998 1292 2047 <Sc
1305 2013 1450 2061 opera
1464 1996 1617 2044 nostra
1632 1995 1772 2042 fimul.
1843 1996 1900 2042 Et
1914 1997 2044 2059 quod
2058 1994 2268 2043 Christus
2282 2011 2380 2042 non
2394 1994 2460 2043 est

258 2079 378 2129 {olus
390 2076 604 2124 Salvator
619 2103 631 2126 ,
667 2071 742 2119 sed
763 2069 811 2119 &
826 2084 971 2133 opera
985 2065 1138 2113 nostra
1150 2066 1276 2112 bona
1288 2064 1432 2113 simul.
1504 2063 1653 2128 Qod
1669 2065 1855 2127 quidem
1869 2078 1977 2110 curn
1992 2062 2124 2111 sacris
2137 2062 2280 2110 literis
2294 2077 2353 2109 ex
2365 2064 2460 2110 dia·
2535 2049 2541 2099 -Ῐ

257 2154 414 2196 metro
429 2149 635 2208 pugnat,
672 2139 778 2187 &in
793 2135 935 2186 filium
952 2135 1039 2181 Dei
1052 2132 1117 2180 est
1129 2131 1539 2180 contumeliosum.
2530 2123 2543 2162 *ἴ

432 2213 507 2257 Ad
522 2210 620 2255 haec
635 2208 775 2254 etiam
789 2206 1021 2262 fatemur,
1053 2203 1179 2266 quod
1205 2200 1452 2265 propofitae
1475 2196 1763 2264 hypotheses
1798 2194 2155 2261 perterrefactas
2179 2203 2321 2261 atq-ue
2355 2197 2464 2244 irre·

261 2281 441 2345 quietas
454 2278 653 2324 reddant
666 2280 973 2338 peccatorum
993 2269 1300 2316 conscientias
1314 2301 1327 2324 ,
1366 2283 1561 2331 quarum
1584 2265 1771 2312 sollicita
1790 2266 1910 2312 ratio
1925 2281 1950 2311 a
1964 2263 2058 2310 fido
2074 2265 2204 2311 verbi
2230 2265 2316 2311 Dei
2331 2264 2463 2310 mini·

261 2349 352 2397 stro
366 2345 582 2393 omnium
597 2342 798 2389 maxime
812 2339 1028 2386 habenda
1044 2334 1121 2383 est.
1196 2331 1348 2383 Miseri
1369 2349 1571 2398 namque
1588 2341 1864 2398 peccatores
1879 2331 2182 2395 agnoicentes
2196 2332 2386 2378 tandem
2403 2344 2464 2378 ex
2524 2348 2530 2381 ,ι-

261 2415 366 2480 lege
389 2415 476 2461 Dei
497 2409 844 2458 multitudinem
857 2406 906 2456 ὅ(
921 2403 1291 2469 magnitudinem
1309 2403 1492 2450 suorum
1508 2398 1814 2467 peccatorum
1837 2407 1979 2463 atque
1999 2399 2114 2446 iram
2138 2398 2226 2445 Dei
2248 2398 2462 2446 adversus
2524 2406 2528 2409 ’

264 2488 493 2548 peccata,
537 2477 787 2542 pavidique
808 2474 1137 2522 liberationem
1165 2470 1504 2526 desiderantes,
1552 2484 1660 2516 cum
1689 2467 1885 2514 audiunt
1907 2474 2215 2529 peccatorum
2238 2463 2461 2512 remissio·
2541 2463 2544 2466 ’

265 2565 403 2604 nem,
432 2545 670 2609 justitiam,
709 2552 849 2608 atque
875 2540 1024 2588 salutis
1037 2533 1200 2587 amissae
1223 2542 1664 2601 recuperationem,
1705 2550 1801 2581 non
1827 2533 2031 2585 solumin
2056 2530 2464 2580 misericordiaDei

266 2620 313 2665 in
335 2614 524 2663 Christo
544 2615 681 2660 nobis
694 2610 916 2659 exhibita,
954 2610 1000 2656 ὅ(
1015 2606 1106 2654 sola
1119 2605 1210 2652 fide
1233 2606 1651 2670 apprehendenda,
1687 2617 1852 2650 verum
1873 2603 2073 2648 etiamin
2091 2599 2223 2646 bonis
2243 2598 2465 2659 operibus
2519 2584 2534 2645 ³,

267 2682 533 2738 consistere,
565 2681 676 2744 quid
690 2678 842 2742 quael'o
857 2677 976 2724 aliud
992 2678 1055 2722 eis
1078 2674 1290 2721 accidere
1307 2672 1474 2738 potest,
1510 2687 1648 2736 quam
1664 2678 1823 2717 utnon
1841 2667 1984 2715 solum
2009 2666 2121 2715 nihil
2136 2663 2465 2712 consolationis

268 2753 398 2806 hinc,
423 2750 497 2797 sed
510 2749 670 2812 potius
684 2746 787 2810 plus
797 2761 848 2793 ac
863 2744 963 2808 plus
979 2742 1301 2806 trepidationis
1316 2749 1454 2804 atque
1469 2738 1720 2787 horrorum
1745 2736 2046 2800 experiantur
2057 2733 2105 2781 <Sc
2117 2731 2329 2778 sentiant.
2389 2730 2465 2778 Ad
2526 2760 2529 2790 :

272 2820 425 2866 Deum
438 2819 562 2864 enim
587 2815 846 2877 confugere
871 2814 1066 2867 timent,
1104 2817 1274 2873 utpote
1288 2823 1430 2872 quem
1455 2807 1584 2855 malis
1600 2806 1685 2853 suis
1706 2804 1925 2867 operibus
1938 2799 2142 2864 graviter
2164 2796 2462 2845 offenderint.
2536 2834 2538 2838 ,

190 2910 192 2915 v
272 2887 442 2947 Neque
468 2881 713 2940 aChristO,
745 2883 848 2946 (qui
863 2889 1023 2927 tamen
1040 2892 1204 2924 omnes
1220 2875 1487 2923 laborantes
1501 2891 1553 2923 ac
1568 2879 1790 2920 oneratos
1804 2871 1860 2916 ad
1874 2869 2088 2921 sevocat,
2123 2865 2269 2929 iisque
2282 2864 2465 2912 refocil-
2507 2889 2511 2896 ν
2531 2879 2539 2886 ’·

275 2950 499 2996 lationem
516 2949 636 2996 ultro
663 2948 928 3013 pollicetur,
966 2961 1016 2993 ac
1035 2944 1152 2991 solus
1175 2943 1386 3008 praestare
1400 2942 1591 3007 potest)
1628 2942 1669 2987 ie
1695 2939 1882 2986 salutem
1906 2931 2240 2980 consecuturos
2265 2929 2354 2978 effe
2369 2932 2464 2993 spe·

276 3030 376 3063 rare
393 3015 597 3078 poffunt,
629 3031 737 3064 cum
750 3015 1015 3079 intelligunt
1030 3009 1127 3076 ejus
1139 3012 1314 3059 meritis
1326 3026 1421 3058 non
1437 3012 1556 3073 solis,
1594 3007 1669 3057 sed
1689 2999 1913 3066 adjunctis
1926 3003 2065 3046 etiam
2082 3000 2215 3047 bonis
2229 2999 2465 3062 operibus,
2528 3003 2541 3067 {j

2267 3079 2466 3127 quorum
2515 3075 2540 3132 533'3
