2554 3394
862 145 950 195 IV,
992 146 1257 197 CONTRA
1293 147 1620 196 MAIOREM.
2240 164 2333 212 223

112 265 179 314 est
193 281 305 314 vere
317 265 518 314 formata
533 261 662 311 fides.
735 262 955 311 Charitas
969 264 1046 312 vel
1061 280 1206 329 opera
1221 266 1460 329 sequentia
1478 281 1575 312 non
1590 267 1849 315 informant
1862 265 2020 324 fidem,
2037 283 2125 315 nec
2139 279 2331 327 ornant,

111 333 190 381 sed
215 349 327 383 vera
345 331 756 381 fidesinformat&
773 342 913 379 ornat
936 332 1233 379 charitatem.
1672 370 1677 374 .

282 401 470 448 Locum
485 399 738 463 Prophetae
750 432 764 456 ,
799 395 1160 464 Justusfidestm
1175 398 1327 453 vivit,
1360 403 1626 464 depravant
1638 398 1864 461 Sophistae
1878 401 1966 447 hac
1983 401 2056 448 sua
2071 402 2329 451 cavillatio—

108 483 186 531 ne.
254 463 422 528 Justus
431 464 587 520 vivit,
623 466 823 524 scilicet,
855 483 915 514 ex
912 466 1017 532 fide
1028 465 1199 532 efficaci
1213 479 1433 531 operante
1442 463 1525 515 vel
1526 462 1750 531 jur-mata
1776 464 2009 514 charitate
2027 504 2044 523 ,
2067 467 2243 531 sivero
2268 467 2328 532 cst

106 533 327 601 informis
337 528 677 598 nonjustificat.
1767 600 1774 607 .

280 603 385 650 Hac
410 601 616 651 confieca
640 599 784 666 gloffa
805 602 1130 665 corrumpitur
1153 599 1368 648 do&rina
1390 599 1495 648 fidei
1511 597 1800 662 justificantis
1817 600 1906 648 line
1922 603 2158 666 operibus.

277 670 404 718 Cum
426 671 628 718 docetur
641 665 889 716 neceffitas
904 683 1104 733 operum
1119 672 1177 716 ad
1192 668 1384 715 salutem
1400 701 1415 725 ,
1452 669 1734 715 miscenturl
1754 683 1816 715 ex
1834 668 1880 717 ὃ(
1904 671 2209 734 Evangelium
2226 706 2240 728 ,
2277 671 2327 720 fi-

104 738 188 787 des
201 737 249 787 ὅ(
263 753 426 803 opera.
495 735 686 802 Papistae
701 737 749 785 <Sc
762 735 1080 802 Anabaptistae
1098 736 1145 785 δε
1161 752 1330 784 omnes
1344 732 1656 801 quijustitiam
1678 735 1850 784 Christi
1866 738 2110 801 ignorant,
2135 749 2215 786 aut
2228 756 2327 787 non

101 803 232 854 reete
247 813 441 863 tenent,
475 814 556 853 aut
568 802 819 852 inficetum
839 806 896 851 ad
908 804 1161 853 hominum
1176 804 1400 868 placitum
1415 837 1428 861 ,
1464 820 1562 850 non
1578 803 1765 868 possunt
1780 820 1876 852 non
1892 807 2047 853 tacere
2063 821 2121 854 ex
2137 806 2327 857 Christo

101 871 272 921 Mosen
286 873 333 923 ὅ(
353 874 533 936 Legem
548 909 560 928 ‚
589 872 637 922 ὅ(
652 887 711 918 ex
731 871 861 936 Lege
878 871 1145 932 Christum,
1181 873 1502 920 docentenim
1516 869 1657 918 fidem
1678 874 1867 936 quidem
1883 875 1928 920 in
1947 872 2326 938 Christumjusti-

100 937 271 994 ficare,
305 942 382 988 sed
396 940 524 988 fimul
551 940 788 988 observari
807 949 1035 1005 oportere
1049 949 1287 1004 praecepta
1303 941 1415 997 Dei,
1455 939 1563 1004 quia
1582 942 1801 1005 [criptum
1823 940 1913 987 est:
1950 941 1998 988 Si
2012 941 2086 989 vis
2108 941 2326 992 invitam

98 1005 310 1072 ingredi,
332 1005 483 1072 sbrva
496 1006 755 1060 mandata,
780 1010 841 1057 ibi
854 1001 1006 1056 stat‘im
1021 1006 1234 1056 Christus
1251 1016 1450 1071 negatus
1465 1036 1477 1059 ‚
1506 1006 1552 1057 ὅ(
1568 1005 1684 1056 fides
1698 1007 1873 1059 abolita
1887 1008 1951 1055 est
1965 1043 1978 1067 ,
2014 1011 2121 1075 quia
2135 1012 2325 1060 manda-

98 1075 158 1124 tis
172 1077 286 1133 Dei,
319 1075 412 1124 five
426 1076 519 1140 legi
535 1076 621 1123 Dei
636 1076 880 1133 tribuitur,
919 1077 1047 1140 quod
1068 1074 1131 1122 est
1148 1075 1282 1123 solius
1296 1074 1482 1123 Christi.
2000 1117 2006 1125 ,

271 1143 478 1192 Fanatici
502 1145 656 1191 verbis
680 1138 866 1191 tanturn
894 1142 1163 1191 discernunt
1179 1143 1358 1206 Legem
1373 1160 1398 1190 a
1413 1142 1560 1207 gratia
1575 1173 1590 1200 ,
1629 1158 1726 1191 non
1741 1142 1914 1192 effetha
1929 1144 1976 1194 ὅ(
1992 1144 2084 1192 usu.
2159 1146 2323 1210 Qan-

97 1215 200 1257 tum
223 1211 282 1258 ad
303 1213 447 1259 verba
469 1211 667 1268 attinet,
706 1210 919 1259 fatentur
940 1210 1013 1259 illa
1037 1214 1131 1258 duo
1160 1209 1250 1258 effe
1275 1209 1485 1258 distincta
1502 1241 1517 1270 ‚
1551 1211 1701 1273 reipsa
1724 1210 2059 1270 commiscent,
2094 1216 2201 1277 quia
2221 1230 2322 1263 non

95 1279 374 1327 concedunt
387 1275 529 1325 fidem
549 1277 641 1325 sine
665 1280 888 1343 operibus
896 1275 1162 1341 justificare.
1232 1278 1278 1326 Si
1292 1278 1387 1325 hoc
1400 1293 1568 1326 verum
1583 1276 1675 1334 est,
1707 1280 1797 1326 iam
1814 1279 2025 1327 Christus
2046 1281 2158 1328 nihil
2184 1283 2322 1331 nobis

93 1344 302 1408 prodest.
372 1345 656 1398 Utmaxime
678 1347 805 1392 enim
819 1361 981 1392 veram
1002 1344 1143 1392 fidem
1158 1345 1444 1397 habeamus,
1473 1353 1634 1392 tamen
1652 1342 1785 1408 juxta
1806 1347 2013 1407 ipsorum
2040 1351 2321 1411 opinionem

91 1425 191 1459 non
198 1408 421 1475 justificat
443 1411 586 1470 fides,
625 1411 719 1460 fifit
733 1411 827 1460 fine
849 1409 1095 1460 charitate.
1163 1413 1207 1460 Si
1222 1427 1341 1460 vero
1364 1428 1509 1477 opera
1532 1413 1579 1461 ὅ(
1594 1408 1797 1461 charitas
1818 1413 2008 1471 adsunt,
2061 1414 2175 1462 fides
2192 1413 2321 1480 just-i·

91 1476 436 1536 ficat&salvat.
505 1480 611 1528 Hac
626 1478 840 1528 do&rina
856 1482 1026 1528 iterum
1042 1482 1186 1528 hodie
1200 1480 1451 1529 obscurant
1475 1481 1682 1528 Fanatici
1699 1480 1982 1532 beneficium
2009 1479 2206 1536 Christi,
2240 1487 2320 1533 de—

91 1541 289 1593 trahunt
308 1548 351 1594 ei
364 1541 958 1609 honoremjustificationis'
971 1580 985 1604 ‚
1000 1548 1049 1595 ὅ(
1063 1546 1355 1596 constituunt
1368 1563 1477 1596 eum
1493 1548 1751 1596 ministrum
1767 1550 1967 1614 peccati.
2039 1550 2206 1601 Videri
2220 1555 2317 1617 qui·

75 1612 201 1661 ,dem
215 1612 388 1662 volunt
400 1646 414 1670 ,
447 1612 491 1661 se
506 1613 817 1677 Evangelium
831 1613 876 1662 ὅ(
889 1612 1030 1661 fidem
1045 1613 1218 1664 Christi
1231 1630 1346 1678 pure
1361 1618 1538 1663 docere
1549 1649 1564 1672 ,
1599 1617 1673 1664 sed
1688 1619 1879 1681 quando
1895 1618 2152 1667 venitur-ad
2168 1622 2317 1675 usum,

90 1678 196 1728 sunt
209 1678 571 1744 Dostoreslegis
585 1696 671 1746 per
683 1683 842 1729 omnia
864 1681 1029 1729 ssmiles
1042 1680 1462 1746 Pseudoapostoiis.
1534 1685 1658 1731 Nam
1679 1687 2084 1749 quemadmodum
2110 1686 2174 1735 illi
2197 1688 2317 1737 ultra

87 1744 232 1794 fidem
245 1748 292 1795 in
305 1746 544 1795 Christum
559 1780 573 1804 ‚
613 1750 847 1812 urgebant
861 1763 947 1813 per
961 1764 1128 1796 omnes
1145 1749 1366 1798 Ecclesias
1379 1750 1783 1799 circumcisionem
1797 1753 1845 1801 &
1860 1754 2235 1803 observationem
2252 1756 2315 1804 le·

87 1815 186 1879 gis,
224 1814 316 1862 fine
329 1829 420 1878 qua
434 1815 751 1863 detrahebant
764 1813 1266 1879 fideijustificationem
1283 1851 1296 1874 ‚
1334 1819 1633 1882 &negabant
1659 1821 1909 1868 credentes
1936 1820 2094 1869 salvari
2120 1823 2248 1886 posse
2263 1824 2313 1879 fi-

86 1896 149 1930 ne
172 1881 508 1930 observatione
531 1882 678 1947 legis3
716 1884 783 1930 Ita
797 1884 942 1930 hodie
958 1883 1132 1933 &diarii
1155 1896 1324 1948 praeter
1345 1883 1567 1948 justitiam
1592 1886 1698 1936 fidei
1725 1889 1967 1952 requirunt
1992 1890 2133 1937 etiam
2157 1893 2313 1939 obser-

84 1949 332 1997 vationem
359 1951 694 1998 mandatorum
711 1951 823 2008 Dei,
851 1947 1133 2014 juxtaillud:
1172 1952 1271 2001 Hac
1268 1950 1362 2016 file
1374 1950 1426 2012 εἰ
1435 1951 1584 2002 vives.
1655 1956 1932 2004 Gloriantur
1947 1972 2040 2020 prae
2053 1962 2232 2008 caeteris
2245 1962 2305 2008 de

84 2019 280 2066 nomine
296 2016 496 2071 Christi,
532 2016 777 2082 &jaetant
787 2018 832 2067 se
848 2016 1131 2069 finceriffimi
1145 2021 1384 2085 Evangelii
1399 2022 1731 2086 praedicatores
1752 2053 1765 2077 ‚
1813 2024 1888 2071 sed
1905 2026 2010 2089 quia
2026 2024 2181 2090 legem
2195 2043 2308 2077 curn

82 2080 552 2150 EVangeliolmiscent
566 2119 579 2142 ‚
618 2102 716 2134 non
730 2085 918 2152 possunt
934 2103 1032 2135 non
1048 2086 1138 2135 effe
1153 2087 1446 2137 subversores
1459 2090 1727 2154 Evangelii.
2087 2126 2090 2130 Α

255 2155 353 2199 Aut
367 2152 577 2201 Christus
592 2153 783 2203 stabit&
800 2155 900 2202 Lex
915 2157 1086 2218 peribit
1098 2189 1112 2213 ,
1136 2164 1216 2203 aut
1231 2156 1331 2203 Lex
1351 2156 1482 2205 stabit
1499 2157 1546 2206 t&
1562 2159 1732 2222 peribit
1745 2158 1973 2208 Christus.
2045 2160 2188 2210 Nullo
2202 2179 2305 2212 mo-

80 2219 144 2266 do
160 2218 371 2283 Christus
392 2220 439 2270 ὅ(
455 2220 554 2268 Lex
569 2220 695 2269 simul
709 2224 968 2285 convenire
982 2255 996 2279 ‚
1031 2223 1079 2272 <Sc
1097 2224 1328 2271 dominari
1343 2225 1388 2272 in
1404 2225 1911 2290 conscientiarpoffunt.
1984 2227 2075 2276 Ubi
2090 2232 2304 2286 domina·

1 2288 3 2290 ’
80 2293 157 2334 tur
172 2282 346 2349 justitia
361 2288 504 2352 legio,
528 2289 590 2337 ibi
605 2305 702 2336 non
719 2289 873 2354 potest
896 2289 1312 2353 dominat-{justitia
1327 2293 1486 2356 gratiae
1504 2324 1515 2345 ,
1538 2302 1735 2358 oportet
1750 2295 1948 2342 alterum
1965 2295 2095 2343 alteri
2112 2299 2301 2348 cedere.

78 2353 307 2402 Doctrina
322 2354 436 2420 legis
450 2354 516 2403 est
532 2388 546 2412 ‚
580 2359 708 2420 quod
724 2359 780 2404 ad
798 2358 990 2405 salutem
1006 2357 1257 2407 necessaria
1275 2360 1375 2407 sunt
1390 2362 1513 2408 bona
1539 2377 1684 2425 opera
1698 2395 1712 2418 ‚
1745 2363 1791 2410 ὅ(
1810 2364 1938 2426 quod
1954 2363 2045 2411 fine
2062 2365 2131 2412 his
2155 2381 2299 2415 nemo

80 2419 223 2485 poffit
245 2421 404 2469 salvari
430 2455 444 2480 ‚
499 2423 613 2473 sicut
629 2423 704 2472 illa
720 2424 786 2472 est
811 2425 1042 2474 sententia
1060 2426 1176 2491 legis
1197 2458 1212 2486 ,
1246 2426 1298 2476 Si
1313 2429 1384 2476 vis
1401 2426 1470 2476 ad
1480 2428 1632 2478 vitam
1652 2428 1866 2494 ingredi,
1883 2428 2034 2495 fi’rva
2054 2430 2298 2482 mandata.

77 2488 180 2540 Hoc
183 2484 277 2553 fac
294 2485 346 2546 εἴ
356 2488 503 2538 vives.
644 2498 649 2501 “

251 2556 342 2604 Pro
359 2556 472 2621 legis
484 2556 696 2607 dossrina
710 2559 898 2607 tolerari
914 2568 1059 2624 queat
1081 2561 1109 2609 fi
1136 2561 1243 2609 sano
1268 2562 1508 2613 inteliefiu
1535 2572 1833 2629 proponatur
1855 2565 1899 2610 in
1924 2564 2162 2612 concione
2181 2564 2298 2632 legis

77 2621 153 2671 seu
175 2626 471 2689 poenitentiae
486 2655 499 2678 ‚
535 2625 706 2674 &cum
722 2627 979 2691 Evangelio
1001 2629 1049 2677 ὅ(
1071 2627 1163 2676 fide
1189 2647 1287 2678 non
1304 2632 1609 2679 misceaturin
1626 2631 1758 2679 causa
1782 2631 1950 2680 salutis.

186 2755 215 2804 s
248 2691 303 2740 In
333 2691 444 2740 loco
480 2690 828 2758 justificationis
871 2696 1063 2759 quando
1093 2697 1312 2747 miscetur
1352 2714 1464 2746 cum
1503 2699 1740 2764 Evangelii
1775 2697 1988 2747 dosii-ina
2013 2731 2028 2758 ,
2085 2701 2294 2750 Anathe·

45 2772 154 2810 „rna
202 2765 252 2806 it.

246 2825 556 2891 Evangelium
570 2827 794 2891 praedicat
816 2828 862 2875 in
890 2827 1026 2876 lolius
1041 2828 1213 2877 Christi
1235 2834 1431 2880 nomine
1447 2831 1666 2886 salutem,
1700 2834 2000 2883 credentibus
2027 2837 2072 2884 in
2097 2849 2205 2883 eum
2221 2833 2290 2882 so-

72 2891 166 2940 lam
190 2889 330 2939 fidem
356 2891 552 2950 Christi,
590 2903 725 2958 urget
741 2894 832 2942 effe
851 2896 1111 2943 adsalutem
1128 2896 1444 2947 necessariam,
1513 2897 1774 2947 Necessitas
1789 2916 1989 2964 operum
2005 2903 2218 2968 requisita
2231 2903 2290 2951 ad

74 2960 267 3007 salutem
288 2993 301 3016 ,
336 2963 664 3010 conditionem
691 2964 818 3010 addit
840 2962 1064 3011 doch-inae
1086 2962 1219 3017 fidei,
1255 2965 1445 3013 salutem
1470 2969 1698 3013 incertam
1724 2969 1865 3025 iacit,
1901 2968 2149 3034 &judicat
2172 2985 2286 3019 con-

72 3027 285 3095 foe-itiis
310 3029 354 3075 in
369 3031 732 3079 dubitationem.
803 3032 846 3078 Si
861 3033 985 3078 bona
1010 3047 1154 3095 opera
1169 3032 1419 3081 necessaria
1435 3034 1537 3081 sunt
1560 3037 1618 3080 ad
1642 3035 1858 3094 salutem,
1898 3040 2077 3086 incerta
2094 3039 2159 3086 est
2183 3056 2289 3100 pro-

2139 3107 2289 3157 millio
