2554 3394
70 174 75 179 ,
460 119 522 168 II.
559 115 654 167 HA
660 114 753 165 MB
762 111 1027 163 URGENS.
1064 111 1105 161 E
1108 109 1381 162 PISTOLA
1419 108 1514 160 DE
1550 103 1976 157 ADIAPI-IORIS.
2234 116 2322 163 141

118 187 2166 217 W——ffl

115 231 295 281 sensum
308 230 519 280 Ecclefiae
534 245 631 277 non
647 227 737 276 esse
751 219 1096 277 dissolvendum
1112 262 1126 286 ,
1161 244 1250 277 nec
1264 222 1486 277 Ecclefias
1508 229 1554 275 in
1575 225 1837 275 Pastoribus
1851 258 1865 282 ,
1900 223 2177 298 deferendas
2190 252 2204 277 ,
2238 232 2330 296 nec
2407 226 2411 231 ’

116 301 375 347 certamina
391 299 448 345 ab
460 298 745 361 Adiaphoris
761 297 1014 346 suscitanda
1034 331 1047 354 ‚
1082 312 1172 345 nec
1194 297 1357 344 alsinda
1379 294 1469 344 esse
1493 294 1794 342 schismatain
1811 293 1894 342 illis
1908 290 2118 340 Ecclelus
2133 301 2260 351 ,quae
2283 301 2331 362 in

115 368 317 414 eandem
332 363 592 413 doctrinam
618 365 1130 421 Christicoliscntiunt,
1163 366 1208 414 ὅ(
1226 364 1540 412 existimamus
1557 378 1652 409 non
1677 360 1768 408 else
1784 360 2057 408 habendum
2080 355 2332 433 pro-servi-

116 442 220 481 tute
232 466 247 490 ‚
280 433 471 497 quando
486 432 627 480 libera
643 433 930 480 conscicntia
944 432 1216 481 Christianae
1242 433 1509 480 concordiae
1526 429 1673 477 studio
1689 430 1734 478 ὅ(
1750 435 1947 492 propter
1970 423 2333 473 aedificationem

115 502 240 565 apud
255 500 474 548 homines
489 502 592 563 pios
608 500 707 547 haec
722 501 978 551 servantur.
1016 501 1118 547 Hac
1135 500 1521 564 Adiapliororum
1535 497 1867 545 observatione
1880 527 1894 550 ,
1912 495 1938 540 si
1953 495 2071 569 salva
2083 488 2237 539 nostra
2251 489 2333 535 do-

115 566 280 625 &rinffi
296 568 343 615 in
358 568 577 615 omnibus
593 567 757 615 nostris
770 568 1001 627 Ecclefiis,
1024 568 1115 615 line
1133 566 1457 632 superstitione
1470 567 1517 615 ὅ(
1533 574 1665 613 metu
1679 563 1935 611 reducendi
1960 563 2159 624 impium
2180 557 2332 620 Papa·

112 636 629 691 tum‚conformitatem
644 636 796 683 Caesar
809 635 1026 684 constitui
1042 632 1216 691 vellet,
1231 651 1325 682 non
1343 635 1659 682 dubitaminus
1676 631 1793 679 salva
1807 628 2094 680 conscientia
2107 622 2331 673 Ecclefias

114 718 279 768 parere
295 701 440 767 posse.
511 704 789 768 Adiaphora
803 714 962 751 autem
977 718 1078 768 quae
1092 717 1211 750 verae
1227 702 1284 750 lic
1297 708 1533 751 vocantur
1546 699 1717 748 inclusa
1731 697 1985 746 suntcertis
2001 694 2194 770 finibus,
2212 703 2332 755 quos

112 769 582 834 fitransgrediuntur,
618 773 896 836 Adiaphora
922 771 1013 818 effe
1034 770 1275 827 desinunt,
1313 769 1527 833 fiuntque
1552 766 1862 831 corruptelae,
1897 763 2333 839 prophanationes‚

114 837 359 886 seminaria
381 838 713 905 superstitionis
729 873 743 896 ‚
781 839 1173 887 conscientiarum
1188 837 1340 903 laquei
1362 837 1409 886 &
1425 844 1543 901 aptae
1559 835 1829 883 occafiones
1842 831 2101 880 reducendi
2114 836 2335 902 veterem

113 904 305 953 abusum
320 906 366 956 ὅ(
382 907 696 972 impietatem.
765 905 967 955 Necesse
983 915 1141 953 autem
1159 905 1224 953 est
1239 914 1290 952 ut
1304 907 1429 953 circa
1451 905 1726 968 Adiaphora
1750 902 1802 949 fit
1823 901 2013 949 libertas
2035 895 2163 946 recte
2187 907 2335 972 acp1e

111 973 345 1030 docendi,
365 973 412 1020 in
425 989 478 1021 ea
492 976 783 1036 gubernandi
799 973 1012 1023 doctrina
1027 971 1196 1022 Christi
1212 1007 1225 1029 ‚
1248 972 1589 1037 Apostolorum
1610 971 1656 1019 ὅ(
1671 969 2037 1034 Prophetarum.
2109 964 2181 1012 Ad
2195 964 2336 1010 Acha-

113 1036 377 1103 phororurn
403 1042 672 1106 catalogum
689 1058 743 1089 ea
759 1059 856 1090 non
872 1041 1061 1107 possunt
1075 1056 1189 1089 vere
1206 1041 1395 1095 referri,
1433 1055 1534 1104 quae
1547 1037 1848 1086 aedificationi
1863 1033 2072 1083 Ecclefiae
2087 1066 2102 1090 ‚
2133 1033 2335 1107 decoro,

112 1107 292 1164 ordini,
324 1108 559 1158 honestati
573 1125 626 1157 ac
642 1110 890 1175 disciplinae
906 1126 1001 1157 non
1023 1110 1229 1157 serviunt
1244 1109 1511 1156 libertatem
1527 1104 1839 1155 Christianam
1853 1105 2061 1150 obruunt
2092 1096 2336 1164 (supersti-

110 1171 349 1222 stitionem
366 1175 513 1234 alunt,
528 1192 635 1225 cum
652 1180 801 1226 verbo
819 1179 906 1225 Dei
922 1185 1137 1242 pugnant
1149 1209 1162 1232 ,
1196 1177 1610 1223 Sacramentorum
1626 1171 1839 1235 mysteria
1853 1183 2114 1234 verumque
2129 1169 2218 1243 Dei
2240 1163 2336 1211 cul-

111 1247 213 1289 tum
227 1243 504 1300 obscurant,
539 1245 868 1292 confufionem
892 1245 940 1293 ὅ(
962 1246 1305 1308 impedimenta
1319 1241 1563 1290 viridivini
1578 1238 1730 1286 cultus
1746 1240 1899 1286 secum
1921 1239 2140 1291 trahunt,
2176 1232 2337 1309 Eccle-

110 1306 220 1355 fiam
235 1310 577 1368 dehonestant,
603 1312 881 1374 religionem
896 1311 1070 1359 Christi
1087 1313 1132 1357 in
1157 1306 1433 1358 Anti-christi
1447 1306 1822 1373 superstitionem
1839 1310 2149 1371 pervertunt,
2178 1315 2337 1350 nerv1-

110 1390 203 1439 que
220 1376 323 1422 sunt
339 1376 575 1441 Papisticae
599 1378 936 1441 superstitionis
951 1378 999 1426 ὅ(
1022 1378 1204 1425 abusus.

282 1439 526 1505 Ejusmodi
542 1443 746 1493 confi&a
761 1446 1039 1510 Adiaphora
1064 1442 1384 1492 suntridiculae
1401 1439 1714 1490 sacrificorum
1731 1441 1777 1487 in
1794 1439 1925 1487 sacris
1939 1436 2337 1513 gesticulationes,

110 1508 292 1564 scenica
307 1511 589 1574 spectacula,
603 1513 768 1559 inanes
780 1513 1120 1559 ceremoniolae
1135 1527 1190 1559 ac
1206 1526 1422 1576 pompae,
1457 1510 1627 1573 magici
1651 1507 1929 1563 exorcismi,
1952 1504 2337 1554 consecrationes

109 1576 411 1634 Chrismatis‚
436 1579 685 1642 baptismi,
707 1579 835 1635 salis,
856 1595 988 1643 aquae
1005 1578 1225 1634 lustralis,
1263 1579 1544 1643 palmarum,
1559 1577 1705 1639 ignis,
1744 1575 1794 1624 &
1818 1575 2008 1622 aliarum
2030 1573 2338 1637 plurimarum

109 1658 266 1691 rerum
282 1675 296 1699 ,
336 1660 438 1709 quae
461 1646 777 1692 execrandam
795 1647 1176 1694 incantationum
1192 1645 1394 1708 speciem
1410 1646 1617 1700 habent,
1655 1642 1914 1707 quibusque
1938 1641 2110 1705 aliquid
2131 1640 2339 1704 spiritua-

110 1709 162 1757 lis
178 1710 225 1760 ὅ(
239 1712 408 1759 divinae
422 1713 625 1776 energiae
639 1713 686 1763 ὅ(
702 1714 886 1760 virtutis
904 1714 1122 1760 tribuitur
1137 1745 1150 1770 ,
1185 1714 1407 1761 circuitus
1422 1711 1672 1761 coemiterii
1687 1743 1701 1765 ‚
1731 1709 2026 1758 circumlatio
2042 1708 2174 1774 panis
2187 1740 2202 1765 ,
2225 1709 2340 1755 ima-

109 1778 274 1840 ginum
288 1794 342 1825 ac
355 1778 683 1843 reliquiarum,
722 1779 1089 1844 pomposalotio
1105 1782 1306 1845 pedum,
1341 1795 1522 1845 pompa
1547 1776 1769 1842 ingressus
1794 1776 1969 1825 Christi
1992 1777 2040 1825 in
2061 1777 2137 1825 die
2159 1774 2339 1823 Palma-

107 1859 212 1891 rum
227 1877 241 1902 ‚
276 1845 427 1893 crucis
441 1848 488 1894 in
507 1845 803 1909 sepulchrum
819 1848 1052 1911 depositio
1066 1881 1084 1901 ,
1107 1848 1156 1896 δε
1170 1848 1379 1894 excubiae
1395 1880 1407 1901 ,
1447 1862 1549 1909 quae
1563 1855 1768 1908 aguntur
1780 1847 1902 1892 circa
1917 1844 2211 1909 sepulchrum
2225 1858 2337 1891 cum

107 1911 296 1976 reliquis
312 1911 677 1975 sepulchralibus
693 1912 992 1978 spectaculis,
1029 1914 1353 1979 sumptuosum
1377 1912 1692 1977 spectaculum
1709 1913 2010 1961 accensarum
2034 1909 2336 1968 candelarum

107 1979 156 2028 in
169 1980 243 2027 die
258 1978 602 2043 purificationis
619 1982 778 2029 Mariae
791 2015 805 2039 ‚
839 1982 1187 2046 supplicatoriae
1203 1979 1522 2044 processiones
1538 1981 1688 2045 plenae
1703 1983 1926 2028 abusuum
1941 1980 1989 2028 δε
2003 1981 2228 2028 vitiorum
2242 2011 2256 2036 ‚
2270 1977 2337 2026 lu-

36 2055 40 2057 “
109 2048 194 2094 dus
207 2046 484 2095 ascensionis
500 2047 670 2095 Christi
684 2081 699 2105 ‚
738 2048 785 2099 <Sc
801 2049 1068 2098 devolantis
1084 2049 1315 2098 columbae
1331 2051 1376 2097 in
1397 2049 1472 2095 die
1486 2047 1803 2107 Pentecostes.
1875 2048 1990 2096 Haec
2014 2047 2062 2097 ὅ(
2083 2047 2155 2094 his
2179 2045 2338 2094 fimilia

109 2114 215 2162 sunt
234 2123 422 2162 tantum
438 2130 569 2162 vanae
583 2115 764 2164 frivolae
784 2116 832 2165 &
857 2118 1028 2180 ineptae
1052 2116 1231 2165 lusoriae
1257 2117 1601 2181 occupationes
1621 2118 1667 2163 in
1692 2115 1878 2180 templis
1901 2148 1916 2172 ‚
1949 2115 2338 2179 Adiaphororum

111 2181 243 2228 usum
260 2181 307 2230 ὅ(
324 2180 467 2229 finem
486 2198 583 2229 non
598 2183 776 2230 habent
790 2216 804 2239 ‚
845 2184 1126 2247 religionem
1144 2183 1348 2232 nostram
1375 2185 1576 2233 ludibrio
1596 2199 1650 2231 ac
1665 2184 1769 2231 risui
1792 2192 2069 2248 exponunt,
2106 2180 2338 2230 ministro-

109 2247 309 2296 strorum
327 2249 536 2296 Eccleliae
550 2249 691 2296 fidem
709 2249 756 2299 ὅ(
779 2247 1113 2298 auctoritatem
1129 2251 1345 2307 elevant,
1366 2251 1576 2317 pastores
1590 2251 1810 2300 ridiculos
1837 2254 2046 2307 iaciunt,
2069 2266 2237 2298 eorum
2252 2250 2337 2297 do-

110 2313 307 2364 &rinam
323 2315 576 2381 suspectam
590 2317 796 2364 reddunt
809 2349 823 2372 ‚
844 2317 1062 2365 &totum
1079 2317 1384 2365 ministerium
1402 2319 1639 2382 Evangelii
1654 2319 1901 2365 ridendum
1918 2319 2202 2381 propinant,
2218 2318 2335 2365 sum·

109 2398 244 2430 mum
260 2391 596 2449 contemptum
611 2381 834 2433 dothinae
848 2383 897 2434 &
911 2378 1312 2436 sacramentorum
1328 2385 1500 2437 Christi
1517 2387 1731 2453 pariunt,
1754 2386 1812 2434 ad
1825 2385 2191 2435 destru&ionem
2207 2422 2218 2439 ,
2233 2400 2335 2434 non

109 2451 167 2496 ad
186 2449 549 2498 aedificationem
577 2451 789 2515 spectant
802 2483 813 2505 ‚
836 2456 961 2500 Nam
983 2455 1149 2518 vulgus
1165 2461 1222 2503 ab
1239 2452 1310 2503 his
1325 2459 1468 2503 etiam
1483 2472 1595 2503 vera
1609 2457 1886 2519 Adiaphora
1901 2456 1949 2504 ὅς
1964 2454 2100 2501 utiles
2120 2452 2331 2500 Ecclessae

110 2518 467 2565 observationes
483 2534 537 2565 ac
551 2521 663 2566 ritus
678 2519 920 2567 (estimabit
932 2554 946 2576 ‚
975 2518 1302 2587 judicabitque
1318 2539 1485 2571 ornnes
1500 2520 1712 2586 ejusdem
1737 2523 1911 2570 ordinis
1936 2537 1991 2568 ac
2010 2521 2197 2586 generis
2213 2519 2331 2577 effe,

110 2586 237 2632 unde
256 2585 439 2632 orietur
459 2583 815 2634 nocentiffimus
838 2587 1078 2650 religionis
1094 2599 1402 2652 contemptus
1417 2624 1431 2646 ,
1466 2589 1808 2654 Epicureismus
1831 2590 1879 2638 &
1906 2588 2132 2637 deformis
2156 2583 2334 2654 αἰπιξίσι

112 2666 167 2699 ac
181 2651 393 2699 confufio
412 2653 459 2699 in
475 2652 675 2700 Ecclesia
689 2684 700 2703 ‚
715 2655 823 2701 ideo
839 2670 934 2701 non
949 2655 1109 2703 licebit
1123 2672 1230 2705 cum
1246 2656 1539 2705 offendiculo
1554 2657 1601 2706 ὅ(
1618 2657 1813 2704 nocenti
1836 2657 2194 2720 perturbatione
2209 2658 2333 2705 bene

113 2717 391 2768 constitutas
405 2719 627 2768 Ecclefias
641 2719 732 2769 istis
754 2722 892 2785 nugis
913 2737 1128 2771 onerare.
1198 2727 1323 2773 Nam
1348 2723 1514 2772 omisso
1529 2725 1914 2789 Adiaphororum
1929 2722 2049 2779 fine,
2086 2724 2334 2788 Adiapho-

112 2803 160 2834 ra
180 2799 266 2834 nec
281 2785 476 2834 effenec
493 2803 605 2836 vere
619 2789 709 2835 dici
725 2788 942 2853 possunt,
975 2794 1173 2854 suntque
1185 2792 1299 2838 nihil
1316 2792 1437 2839 aliud
1454 2808 1593 2856 quam
1620 2791 1903 2851 corruptelae
1925 2791 2100 2838 semina
2122 2792 2171 2841 <Sc
2194 2792 2331 2841 nervi

116 2852 350 2918 papisticae
367 2853 697 2919 superstitionis
713 2890 726 2912 ,
763 2857 811 2906 ὅ(
825 2857 1027 2904 cuniculi
1042 2873 1126 2921 per
1139 2873 1258 2922 quos
1270 2860 1517 2906 adversarii
1531 2861 1575 2907 in
1591 2858 1768 2908 nostras
1787 2858 2008 2907 Ecclefias
2028 2860 2236 2923 irrepere
2249 2875 2332 2908 co-

116 2929 287 2968 nantur
301 2952 315 2976 ,
349 2931 401 2969 ut
420 2937 498 2969 eas
518 2939 542 2969 a
557 2923 871 2971 fundamento
887 2933 1133 2979 evertant,
1172 2933 1425 2990 totumque
1441 2934 1668 2990 papatum
1691 2926 1963 2984 restituant,
2000 2926 2050 2976 ὃ(
2070 2928 2119 2974 id
2139 2929 2330 2992 quidem

113 2986 597 3056 pernosmetipsos&
612 3007 697 3057 per
720 2990 939 3040 fictorum
962 2993 1352 3057 Adiaphororurn
1377 2997 1736 3059 receptione-m,
1773 2997 1904 3061 quod
1924 2996 2027 3043 haec
2052 2997 2127 3046 via
2148 2995 2333 3045 facilior

1167 3055 1233 3115 ὗ
1271 3075 1292 3123 3
2187 3064 2330 3114 &ex-
