2554 3394
234 198 325 249 192
770 173 1085 242 zerantnfiss
1115 179 1201 230 ber
1223 176 1459 248 wrthen
1479 190 1539 240 su
1571 177 1862 247 hamburg.

231 268 2057 289 ‘mm—*W

229 304 498 349 cohaeredcs
513 306 668 345 autem
683 295 851 342 Christi
865 325 878 345 ‚
914 295 1143 358 templum
1159 295 1352 357 Spiritus
1374 292 1546 341 Sant‘ci.
1611 294 1796 340 Verum
1811 294 1911 341 haec
1923 293 2071 357 gloria
2082 325 2095 349 ,
2115 295 2161 341 in
2174 294 2270 341 hoc
2283 308 2418 344 mun-

229 370 293 416 do
307 367 428 414 tecia
445 366 586 419 latet,
619 364 794 408 etenim
810 376 892 424 per
907 359 1046 407 fidem
1062 359 1302 406 ambulant
1317 393 1330 415 ‚
1348 360 1514 408 vident
1528 373 1612 420 per
1626 358 1860 421 speculum
1874 398 1887 417 ,
1906 368 2128 424 tanquam
2143 362 2190 408 in
2203 361 2423 423 aenigma·

229 444 303 488 te,
317 433 527 478 nondum
542 430 819 487 arbitrantur
835 428 876 473 se
891 424 1246 489 apprehendisse
1260 458 1274 481 ,
1292 425 1365 471 sed
1380 428 1651 480 decertant,
1677 430 1733 470 ut
1752 426 2123 487 apprehendant.
2190 428 2285 490 Spe
2309 426 2421 483 salvi

226 497 334 546 faffl
356 498 482 551 sunt,
517 497 616 559 spes
639 503 795 541 autem
820 509 920 541 non
934 492 1026 548 est,
1061 508 1162 556 quae
1175 493 1386 547 videtur,
1424 507 1533 537 nam
1546 491 1674 554 quod
1687 490 1818 537 videt
1830 491 1958 552 quis,
1992 494 2237 556 quomodo
2249 494 2421 557 sperat?

227 566 279 611 In
294 563 434 610 altera
447 562 522 609 illa
538 566 672 609 beata
684 562 779 609 vita
800 559 1082 607 revelabitur
1106 559 1251 622 gloria
1274 556 1474 605 filiorum
1491 558 1590 605 Dei·
1669 556 1809 603 Tunc
1830 557 2090 606 videbimus
2110 575 2247 616 eum,
2277 559 2338 606 de
2355 560 2422 606 fa-

228 631 300 678 cie
315 629 554 677 adfaciem
569 662 583 685 ,
614 628 740 674 sicuti
753 625 831 673 est.
900 627 1026 673 Deus
1040 627 1129 674 erit
1143 627 1301 674 omnia
1321 625 1370 672 in
1383 624 1600 672 omnibus
1614 651 1627 676 ,
1666 625 1819 670 sumus
1833 623 1947 669 iram
1961 622 2055 671 Filii
2069 626 2184 684 Dei,
2216 626 2292 674 sed
2306 640 2420 672 non-

229 699 343 744 dum
365 696 608 760 apparuit,
642 694 807 740 scimus
832 700 990 740 autem
1013 726 1027 749 ,
1065 694 1194 757 quod
1223 707 1331 739 curn
1356 692 1654 755 apparuerit,
1690 689 1839 736 similis
1861 690 1905 735 ei
1926 689 2124 747 erimus,
2157 693 2421 740 videbimus

232 778 370 819 eum,
408 762 535 809 sicuti
554 759 618 807 est
641 790 654 813 ,
688 775 747 806 eo
771 761 906 806 nobis
929 760 1188 808 reservatur
1211 757 1419 821 perfeeta
1439 757 1586 821 gloria
1607 754 1880 812 essentialis,
1908 752 2092 818 justitiae
2110 789 2125 813 ,
2160 758 2420 825 sapientiae,

230 831 280 879 ὅ(
304 829 512 876 omnium
528 829 763 874 bonorum
777 827 891 883 Dei,
929 826 1006 872 hic
1019 826 1275 890 accipimus
1290 826 1514 888 primitias
1533 824 1580 872 ὅ(
1594 823 1872 870 arrabonem
1887 851 1900 874 ,
1938 837 2037 869 non
2049 829 2201 869 totam
2223 823 2423 887 plenitu-

231 898 387 944 dinem
401 893 685 942 essentialem
699 894 909 956 Spiritus.
979 894 1163 940 Etenim
1185 893 1345 939 omnia
1356 892 1492 939 nobis
1503 892 1628 938 Deus
1644 889 1864 945 donavit,
1885 888 1932 937 ὅ(
1946 895 2048 935 tum
2061 890 2327 946 exhibebit,
2343 890 2424 954 qui

228 963 358 1010 dedit
369 961 546 1009 Filium.
620 961 795 1008 Omnia
819 958 972 1006 nostra
988 959 1118 1015 sunt,
1153 974 1249 1005 non
1272 965 1456 1006 tantum
1482 971 1581 1021 qua-².
1608 956 1710 1004 sunt
1733 954 1904 1004 Christi
1924 955 2165 1012 hominis,
2183 955 2259 1003 sed
2281 958 2425 1004 etiam

229 1043 331 1092 quae
346 1025 449 1075 sunt
471 1025 641 1075 Chrish
661 1024 737 1073 filii
753 1027 866 1082 Dei,
902 1028 1077 1073 donata
1098 1027 1232 1072 nobis
1247 1026 1349 1072 sunt
1363 1039 1421 1071 ex
1435 1025 1610 1088 gratia,
1646 1024 1936 1087 quaecunque
1954 1021 2069 1069 fecit
2091 1022 2140 1070 δε
2163 1020 2310 1084 passus
2332 1021 2424 1078 est,

230 1110 331 1159 quae
346 1094 615 1142 obedientia
629 1093 677 1141 ὅ(
691 1090 897 1156 paffione
915 1092 989 1140 sua
1006 1095 1291 1157 promeruit..
1328 1091 1376 1140 ὅ(
1389 1094 1447 1139 ad
1470 1106 1570 1154 quae
1585 1089 1829 1154 postquam
1852 1087 2119 1135 humiliatus
2133 1087 2200 1135 est
2211 1088 2350 1152 usque
2367 1090 2426 1135 ad

229 1170 436 1209 mortem
461 1164 608 1208 crucis
633 1159 861 1207 exaltatus
874 1158 966 1211 est,
1006 1174 1106 1223 quae
1129 1160 1252 1205 Deus
1266 1158 1404 1204 Pater
1425 1156 1812 1205 hominiChristo
1839 1154 2065 1210 contulit,
2099 1170 2241 1218 quem
2259 1153 2427 1203 consti-

231 1229 321 1275 tuit
333 1229 593 1292 principem
610 1227 743 1290 super
756 1240 900 1288 opera
913 1238 1133 1273 manuum
1158 1226 1363 1278 suarum,
1400 1225 1560 1272 onmia
1583 1222 1657 1272 ille
1679 1224 1825 1271 habet
1848 1230 2012 1270 natura
2035 1222 2084 1272 ὃς
2106 1222 2303 1280 merito,
2339 1235 2426 1269 nos

233 1303 391 1343 autem
408 1309 492 1356 per
505 1295 701 1354 gratiam
717 1293 1148 1339 communicatione
1163 1292 1210 1340 &
1224 1293 1367 1338 dono.
1709 1314 1713 1320 ·

401 1359 812 1407 Siesi'emusinhac
827 1356 1034 1420 vitajusti
1050 1357 1271 1405 essentiali
1287 1359 1371 1403 Dei
1388 1353 1598 1418 justitiae,
1635 1355 1684 1402 ὅ(
1705 1353 1948 1418 plenitudo
1972 1353 2226 1402 divinitatis
2249 1354 2439 1402 habita?
2505 1371 2511 1378 ·

232 1434 305 1474 ret
318 1428 363 1473 in
376 1426 510 1473 nobis
523 1459 536 1480 ‚
573 1440 736 1473 revera
751 1422 845 1486 jam
859 1423 1054 1471 essemus
1076 1424 1181 1472 salvi
1195 1456 1208 1479 ,
1244 1440 1342 1470 non
1356 1423 1433 1485 spe
1445 1455 1460 1479 ,
1499 1436 1594 1468 non
1608 1435 1947 1467 renovaremur
1960 1421 2018 1464 de
2034 1419 2242 1467 claritate
2264 1422 2310 1467 in
2332 1420 2423 1467 cla-

233 1496 420 1546 ritatem
434 1525 447 1549 ,
483 1494 540 1540 de
563 1494 638 1540 die
654 1493 698 1538 in
712 1488 835 1537 diem
851 1519 864 1542 ,
898 1491 1032 1537 sedin
1047 1489 1269 1536 essentiali
1283 1487 1534 1549 illajustitia
1548 1487 1833 1545 &sapientia
1847 1518 1861 1541 ,
1884 1486 2426 1549 haberemusplenitudi·

233 1575 344 1607 nem
365 1559 581 1608 claritatis
593 1559 640 1606 ὃ(
653 1557 824 1620 gloriae.
896 1558 1021 1602 Deus
1038 1571 1119 1619 per
1131 1557 1326 1603 verbum
1342 1554 1589 1599 nobiscum
1606 1553 1700 1613 agit
1713 1583 1726 1606 ‚
1748 1551 1794 1597 ἃ
1810 1565 1892 1613 per
1915 1540 2229 1606 sacramenta,
2261 1566 2347 1597 nos
2360 1552 2426 1598 vi-

233 1623 379 1674 ciffim
405 1627 582 1689 agimus
601 1639 712 1670 cum
733 1623 837 1668 Deo
851 1620 959 1670 fide.
1031 1621 1107 1668 Ille
1123 1620 1330 1684 loquitur
1344 1620 1479 1665 nobis
1496 1619 1553 1663 de
1569 1616 1664 1662 filio
1679 1649 1692 1672 ,
1706 1631 1845 1679 quern
1859 1615 2038 1664 misit&
2051 1618 2179 1663 dedit
2194 1615 2430 1665 vistimam

234 1708 322 1757 pro
357 1694 491 1739 nobis
504 1723 516 1747 ,
552 1692 598 1739 in
617 1687 805 1737 Christo
831 1688 1068 1753 promittit
1095 1689 1231 1734 nobis
1255 1686 1449 1750 gratiam
1463 1717 1476 1740 ,
1509 1681 1732 1745 justitiam
1748 1712 1762 1736 ,
1797 1684 1986 1730 veniam
2011 1691 2318 1746 peccatorum
2332 1717 2347 1740 ‚
2383 1683 2433 1734 ὅ(

233 1757 430 1822 gloriam
444 1765 628 1804 aeternae
649 1758 780 1811 vitae,
817 1755 1090 1821 loquentem
1115 1769 1198 1818 per
1221 1754 1417 1802 verbum
1439 1753 1740 1815 praedicatum
1766 1751 1979 1796 audimus
1999 1782 2012 1805 ‚
2053 1748 2432 1813 promissionibus

234 1823 333 1887 ejus
347 1826 578 1872 credimus
593 1857 606 1880 ‚
642 1830 873 1887 operante
887 1825 934 1870 in
949 1824 1081 1869 nobis
1094 1854 1108 1877 ,
1140 1821 1187 1869 ὅ(
1201 1819 1513 1867 confirmante
1528 1817 1666 1864 fidem
1681 1818 1849 1880 Spiritu
1864 1815 2036 1864 &meto
2049 1849 2062 1872 ,
2095 1815 2185 1863 fide
2198 1831 2253 1864 ea
2267 1831 2431 1880 appre-

232 1893 374 1939 hensa
388 1900 601 1938 tenemus
615 1891 664 1938 &
676 1904 759 1952 per
772 1890 900 1951 spem
915 1888 1160 1951 expetitam
1169 1903 1218 1934 us
1233 1915 1246 1939 ‚
1280 1895 1331 1933 ut
1345 1885 1548 1933 revelata
1562 1886 1608 1930 in
1623 1883 1772 1930 altero
1789 1883 1941 1931 seculo
1957 1884 2090 1930 nobis
2105 1879 2430 1932 exhibeantur.

233 1959 308 2006 De
325 1959 400 2023 spe
416 1958 462 2008 ὃς
475 1956 804 2020 &mediatione
817 1956 980 2002 futurae
1000 1955 1156 2018 gloriae
1177 1954 1329 2002 scribit
1347 1951 1598 2015 Apostolus
1612 1951 1752 1997 Rom.
1770 1958 1813 2003 8.
1886 1951 2012 1996 Intra
2037 1965 2124 1996 nos
2145 1952 2333 2012 gemina
2356 1951 2432 1997 ad·-

235 2027 485 2089 optionem
501 2022 700 2071 filiorum
716 2023 800 2069 Dei
814 2021 1145 2086 expeciantes,
1181 2021 1561 2083 redemptionem
1577 2018 1785 2080 corporis
1802 2015 1941 2064 nostri
1957 2046 1972 2070 ,
2008 2016 2037 2062 si
2061 2031 2161 2080 quae
2183 2032 2281 2064 nou
2300 2017 2432 2064 vide-

235 2107 364 2149 mus,
401 2090 665 2156 speramus,
704 2104 786 2153 per
803 2090 1076 2152 patientiam
1100 2086 1401 2150 expefi'tamus
1414 2085 1613 2148 Philipp.
1633 2100 1673 2144 3.
1710 2084 1769 2130 de
1783 2083 1908 2132 coelo
1922 2098 1979 2130 ex
2019 2082 2225 2131 &tamus
2239 2081 2432 2130 salvato-

234 2174 336 2207 rem
363 2159 618 2207 Dominum
643 2155 848 2204 nostrum
868 2154 1067 2218 JESUM
1093 2153 1342 2202 CHristum
1358 2186 1371 2210 ,
1409 2154 1485 2216 qui
1508 2152 1782 2198 reformabit
1806 2099 2173 2213 corpusiiumile
2196 2148 2431 2207 nostrum,

237 2224 590 2273 conformatum
608 2224 797 2286 corpori
814 2223 890 2281 suo
903 2221 1123 2284 glorioso.
1145 2221 1219 2267 Ad
1235 2220 1397 2268 Titum
1411 2235 1456 2266 2.
1525 2215 1836 2281 Expee'camus
1850 2219 2035 2264 beatam
2050 2216 2174 2281 spem
2195 2215 2243 2266 ὅ(
2256 2216 2433 2280 adpari-

236 2293 418 2341 tionem
434 2292 592 2355 gloriae
612 2291 770 2352 magni
784 2289 869 2336 Dei
884 2317 896 2340 ‚
934 2287 982 2338 ὃς
995 2288 1228 2335 salvatoris
1244 2286 1384 2334 nostri
1398 2285 1504 2348 JEsu
1518 2283 1705 2331 Christi.

383 2356 652 2407 <Postremo
675 2355 901 2404 Osiander
920 2355 1134 2417 confugit
1151 2356 1208 2400 ad
1232 2354 1543 2418 patrocinium
1569 2352 1624 2398 D.
1644 2350 1882 2406 Lutheri‚.
1904 2356 2198 2413 conaturque
2221 2362 2278 2395 ex
2301 2347 2435 2413 ipsius

237 2427 414 2492 script1s
438 2423 711 2475 ostendere,
741 2437 829 2471 nos
849 2422 1163 2485 imputatione
1185 2418 1292 2466 fidei
1307 2413 1477 2467 Christi
1493 2433 1653 2466 coram
1679 2419 1785 2464 Deo
1810 2432 1908 2465 non
1931 2413 2189 2476 iustificari,
2221 2415 2317 2463 hoc
2340 2413 2432 2470 est,

234 2492 384 2558 justos
398 2489 767 2559 pronunciari&
780 2487 950 2536 absolui
967 2521 980 2544 ‚
1014 2489 1090 2535 sed
1104 2487 1418 2552 imputatione
1431 2484 1673 2532 eslentialis
1688 2485 1774 2531 Dei
1784 2482 1964 2546 justitiae
1978 2482 2278 2530 inhabitantis
2289 2482 2335 2527 in
2348 2494 2436 2527 no-

238 2563 308 2610 bis
328 2575 411 2628 per
425 2558 581 2607 fidem.
654 2559 733 2605 An
745 2571 861 2605 vero
876 2555 1001 2602 bona
1015 2552 1106 2602 fide
1118 2554 1212 2600 hoc
1227 2560 1334 2617 agat
1347 2551 1572 2600 Osiander
1585 2585 1599 2608 ,
1613 2550 1686 2599 alii
1694 2548 1922 2613 judicent.
1988 2549 2170 2613 Scripta
2183 2548 2240 2595 D.
2255 2545 2432 2593 Luthe·

238 2630 277 2675 ri
289 2635 418 2679 certe
430 2626 555 2676 aliud
569 2625 748 2672 docent
761 2657 776 2680 ,
810 2620 1147 2686 manifesteque
1160 2620 1341 2666 refellet
1356 2618 1660 2666 calumniosas
1675 2617 1775 2665 istas
1788 2616 2202 2680 interpretationes
2215 2645 2229 2668 ,
2266 2612 2432 2676 quibus

240 2693 450 2742 asseritur
460 2691 735 2755 imaginatio
750 2691 809 2738 de
823 2687 1067 2736 essentialis
1081 2689 1246 2735 diviuae
1260 2684 1439 2749 justitiae
1455 2685 1769 2749 imputatione
1783 2717 1798 2740 ,
1834 2684 1883 2731 δε
1902 2682 2060 2746 inique
2071 2678 2434 2741 reprehenditur

238 2759 452 2810 dofi‘crina
464 2756 863 2820 dejustificatione
876 2789 890 2814 ,
927 2770 1068 2818 quarn
1082 2755 1319 2816 Scriptura
1334 2753 1548 2800 adscribit
1561 2750 1864 2815 imputationi
1883 2747 1990 2796 fidei
2003 2749 2049 2794 in
2074 2741 2333 2801 Christum,
2357 2743 2435 2792 sed

241 2826 354 2891 quid
368 2840 486 2889 opus
499 2824 564 2871 est
579 2825 678 2871 haec
691 2824 871 2888 prolixe
886 2821 1127 2887 persequi?
1165 2822 1222 2867 D.
1238 2819 1474 2867 Lutherus
1490 2834 1576 2882 pro
1590 2815 1633 2865 se
1646 2817 1739 2881 ipse
1752 2817 1972 2882 loquatur
1983 2845 1998 2872 2
2019 2811 2068 2862 <Sc
2080 2811 2126 2860 in
2140 2811 2229 2861 hac
2242 2819 2435 2860 contro-

243 2893 385 2945 versia
396 2893 522 2944 suam
535 2891 813 2953 sententiam
827 2885 1228 2958 dejustisicatione
1241 2885 1451 2938 Ecclesiae
1466 2884 1687 2952 explicet.

2196 3030 2437 3084 12MAR-
2516 2997 2518 2999 ’
