2554 3394
690 174 697 182 '
731 164 819 214 III.
858 164 1141 214 CONTRA
1173 163 1230 215 A.
1270 162 1691 214 OSIANDRUM.
1832 226 1838 230 „
2228 176 2325 230 197

98 289 434 358 loquentiDeo
459 292 634 339 credit:
676 292 873 336 Accedit
899 303 1058 335 autem
1084 288 1280 351 Spiritus
1304 286 1527 344 Sanctus,
1564 285 1691 333 testis
1717 284 1808 332 fide
1832 286 2002 348 dignus
2024 286 2073 334 ὅ(
2097 284 2325 339 affirmat,

96 359 359 425 hocipsum
383 360 603 413 credere,
648 357 720 403 scu
737 358 858 402 hanc
877 357 1018 420 ipsam
1035 354 1176 403 fidem
1200 351 1523 417 efl'ejustitiam
1540 383 1557 406 ,
1590 354 1664 400 seu
1681 355 1901 414 imputari
1919 354 1976 398 ab
1998 350 2102 415 ipso·
2115 352 2220 398 Deo
2234 367 2324 416 pro

95 422 295 490 justitia,
333 427 379 475 ὅ(
404 427 566 473 haberi
583 422 864 489 projustitia.
938 424 1062 488 Qia
1077 432 1236 476 autem
1252 424 1422 478 verba,
1459 435 1558 486 quae
1575 419 1808 466 Dominus
1826 419 2061 480 loquitur,
2088 420 2330 484 praecipue*

95 495 348 558 respiciunt
363 493 521 542 semen
546 491 805 557 spirituale,
842 487 1108 545 Christum,
1147 489 1330 537 evolvit
1363 489 1529 553 Paulus
1552 485 1822 550 mysterium
1840 485 1962 540 hoc,
1995 486 2043 533 ὃς
2068 488 2191 533 clare
2216 501 2324 551 pro-

96 561 294 609 nunciat
311 557 537 624 justitiam
554 558 644 606 eise
667 574 752 623 per
778 557 919 606 fidem
945 559 992 605 in
1018 557 1279 607 Christum,
1345 556 1394 602 In
1417 558 1507 603 hac
1532 556 1678 618 igitur·
1699 552 1931 601 sententia
1954 554 2333 616 acquiescamus,

96 642 190 676 nec
203 628 262 676 ab
276 642 332 675 ea
344 627 577 675 dimoveri
592 642 677 673 nos
695 626 929 674 furoribus
950 625 1131 672 Satanae
1146 624 1193 671 ὅ(
1212 621 1494 687 pontificum
1516 621 1733 669 sinamus.
1979 634 1983 638 ·

268 711 340 759 De
353 710 505 759 verbo
540 711 844 771 (Hasehab.)
881 724 980 757 non
993 707 1130 758 valde
1144 707 1362 771 repugno
1379 705 1471 756 five
1497 707 1541 755 id
1555 720 1642 770 pro
1667 710 1893 769 reputare
1914 703 2010 754 sive*
2028 705 2238 769 cogitare
2254 721 2329 754 ac·-

97 779 272 844 cipias,
303 779 428 826 Nam
443 793 515 825 res
530 780 702 836 eodem
728 778 877 831 redit,
913 792 1023 824 cum
1049 776 1174 823 enim
1202 774 1361 822 divina
1387 771 1602 838 majestas
1626 775 1685 820 de
1710 787 1787 819 me
1802 772 2016 836 cogitat,
2043 787 2120 820 me
2142 771 2234 820 effe
2250 770 2328 837 ju-

95 845 243 903 stum,
266 843 382 894 mihi
404 844 496 893 effe
514 844 696 893 remissa
718 853 948 908 peccata,
981 859 1058 890 me
1073 842 1269 890 liberum
1292 840 1595 889 effeamorte
1614 848 1790 888 aeterna
1806 872 1819 896 ,
1857 840 2012 904 &ego
2028 856 2135 888 cum
2160 841 2330 904 gratia-

97 928 200 962 rum
218 912 432 970 afflone,
469 912 516 960 in
539 910 768 960 fidehanc
790 912 1138 976 cogitationem
1155 910 1325 957 Dei-de
1347 909 1780 974 meapprehend0‚
1795 922 1906 956 vere
1922 905 2205 971 sum-justus,
2229 924 2332 957 non

94 983 214 1028 meis
229 982 481 1045 operibus,
516 978 595 1026 sed
617 978 736 1036 fide,
776 995 866 1044 qua
887 978 1229 1044 apprehendo,
1268 976 1853 1042 cogitationemdivinam.
1925 977 2051 1024 Nam
2078 976 2166 1024 Dei
2197 976 2331 1041 cogi>-

96 1046 296 1095 tatiovest
317 1045 564 1095 infallibilis
577 1048 766 1094 veritas.
841 1047 987 1112 Igitur
1012 1062 1123 1094 cum·
1145 1061 1249 1093 eam
1271 1045 1594 1110 apprehendo·
1612 1042 1749 1092 firma
1772 1043 2097 1107 cogitatione,
2134 1059 2233 1091 non
2249 1060 2331 1093 va-

93 1129 155 1179 ga
175 1114 405 1179 opinione
431 1113 478 1163 &
501 1107 641 1161 dubia
658 1113 807 1177 justus
829 1113 944 1165 sum0
1018 1113 1151 1161 Fides
1178 1116 1304 1162 enim
1330 1112 1396 1159 est
1411 1110 1572 1169 firma,
1611 1110 1659 1159 ὅ(
1682 1119 1811 1157 certa
1828 1112 1901 1158 [eu
1919 1113 2150 1176 cogitatio
2180 1112 2257 1159 seu
2279 1109 2334 1160 fi-

94 1182 234 1229 ducia
255 1183 316 1229 de
337 1181 441 1240 Deo
458 1214 471 1238 ,
510 1182 636 1244 quod
652 1196 737 1246 per
751 1177 991 1230 Christum
1016 1180 1066 1228 sit
1089 1181 1350 1246 propitius,
1385 1182 1516 1243 quod
1531 1194 1617 1243 per
1636 1177 1875 1226 Christum
1902 1181 2088 1243 cogitet
2113 1179 2173 1226 de
2187 1178 2336 1228 nobis-

95 1250 414 1315 cogitationes
429 1249 556 1312 pacis
573 1281 588 1305 ,
626 1264 726 1296 non
741 1247 1002 1298 afflictionis
1016 1257 1096 1296 aut
1110 1250 1204 1295 i-rae.
1242 1246 1462 1294 Relativa
1486 1247 1614 1294 enim
1633 1246 1733 1292 haec
1751 1246 1853 1293 sunt
1865 1278 1878 1302 ‚
1905 1248 2136 1310 cogitatio
2150 1248 2238 1295 Dei
2253 1246 2333 1294 seu-

97 1313 341 1381 promiffio
357 1315 559 1371 &fide8‚
597 1330 689 1379 qua
714 1313 1071 1379 promiffionem
1097 1315 1186 1362 Dei
1204 1313 1535 1378 apprehendo.
1603 1311 1754 1361 Ret'te
1777 1314 1917 1377 igitur
1940 1313 2106 1361 Paulus
2129 1316 2330 1363 verbum

95 1384 386 1445 (Hasehab.)
422 1382 627 1430 reddidit
654 1397 739 1446 per
761 1376 1005 1450 λαγὶζειθᾶ]
1020 1397 1115 1447 quo
1130 1382 1274 1430 etiarn
1288 1383 1347 1430 aad
1360 1382 1708 1445 cogitationem
1725 1379 1913 1447 alludit,
1951 1381 2331 1446 sicutreputandi

96 1452 311 1499 verbum.
384 1451 430 1497 Si
445 1450 572 1497 enim
595 1458 646 1497 tu
662 1450 766 1497 Deo
781 1450 1081 1513 promittenti
1103 1450 1284 1506 credis,
1320 1450 1450 1496 Deus
1467 1456 1514 1496 te
1535 1444 1938 1513 reputatjustum,
1972 1449 2144 1513 Neque
2159 1449 2238 1497 hic
2253 1447 2332 1497 vel

94 1516 246 1582 legis,
279 1515 356 1566 vel
371 1516 764 1573 circumcilionis‚
788 1516 866 1565 vel
888 1516 1217 1565 sacrificiorum
1230 1515 1284 1564 fit
1302 1517 1518 1573 mentio,
1558 1516 1686 1580 quod
1704 1531 1757 1562 ea
1775 1515 1901 1563 Deus
1926 1516 2106 1581 dignari
2122 1515 2236 1565 velit
2250 1511 2337 1580 Ju-

95 1583 244 1641 stitia,
277 1583 370 1631 sola
394 1584 471 1630 sua
489 1585 757 1646 reputati0‚
794 1583 973 1631 solailla
992 1585 1158 1647 gratiae
1178 1586 1237 1631 de
1257 1585 1393 1630 nobis
1408 1584 1670 1647 cogitatio,
1707 1579 1809 1631 haec
1833 1583 1962 1634 facit.
2037 1584 2187 1632 Datur
2202 1584 2337 1633 enim
2422 1609 2425 1611 >

88 1649 269 1716 justitia·
284 1651 484 1698 Abrahae
497 1684 511 1707 ,
549 1665 650 1697 non
672 1651 895 1714 operanti
914 1652 986 1698 sed
1002 1653 1215 1699 credenti
1228 1684 1242 1707 ,
1268 1666 1424 1715 neque
1440 1659 1602 1698 autem
1618 1649 1729 1698 fidei
1742 1673 1761 1707 ‚·
1782 1658 1833 1698 ut
1847 1650 2007 1699 nostro
2024 1653 2160 1717 operi
2173 1651 2337 1711 datur„

97 1719 176 1767 sed
196 1727 395 1782 propter
419 1718 766 1781 cogitationem
789 1718 875 1766 Dei
899 1752 922 1774 ,‚
963 1733 1104 1782 quam
1126 1716 1241 1765 fides
1267 1719 1600 1782 apprehendit,
1669 1718 1850 1765 Scitum
1874 1717 1940 1765 est
1965 1719 2108 1783 igitur
2131 1752 2153 1778 ‚-
2195 1720 2333 1785 quod

95 1784 267 1833 Paulus
282 1784 341 1832 fic
354 1785 754 1849 urgetreputandi
769 1786 994 1837 verbum,
1036 1787 1255 1848 operanti
1278 1786 1437 1849 inquit·
1455 1801 1555 1834 non
1569 1785 1831 1849 imputatur
1856 1791 2040 1834 merces
2064 1801 2124 1834 ex
2147 1790 2336 1851 gratias

97 1852 176 1902 sed
190 1853 249 1921 εἶς’
267 1852 446 1900 debito,
513 1853 629 1899 Non
648 1860 815 1899 autem·
832 1853 1049 1916 operanti
1064 1853 1366 1900 seder-edenti
1382 1854 1427 1900 in
1442 1868 1551 1900 eum
1581 1853 1657 1917 qui
1672 1849 1905 1916 justificat*
1916 1854 2141 1919 impium,
2177 1856 2338 1921 impu-

99 1921 304 1972 turfides
321 1916 418 1982 ejus
431 1915 736 1982 adjustitiam.
805 1920 863 1967 Et
875 1919 1019 1968 Paulo
1037 1927 1147 1967 ante
1162 1953 1175 1975 ,
1201 1935 1261 1967 ex
1276 1921 1501 1984 operibus
1526 1919 1642 1984 legis
1659 1919 2110 1983 nemojustiticaturr
2166 1925 2339 1971 Atno->

99 1999 201 2039 tum
218 1987 301 2044 est,
327 2003 427 2052 quae
443 1985 530 2034 fint
544 2001 691 2051 opera
706 1985 821 2051 legis
835 2020 849 2045 ,
887 1988 1075 2036 summae
1092 1986 1291 2042 scilicet,
1329 1987 1376 2036 <Sc
1390 1987 1720 2052 pulcherrimas
1735 1989 1933 2036 virtutes
1946 2022 1968 2044 ,-
1995 1989 2081 2037 Hae
2106 1990 2247 2055 igitur
2270 1990 2338 2039 ad

95 2056 323 2123 ‘justitiam
366 2051 482 2102 nihil
528 2069 588 2101 ne
611 2054 824 2106 faciunt?
894 2055 1047 2113 Nihil,
1072 2056 1226 2119 inquit
1249 2054 1445 2114 Paulus,
1488 2055 1564 2103 sed
1591 2053 1685 2103 sola
1706 2056 2039 2114 misericordia,
2073 2058 2340 2122 repudiatis*

102 2125 325 2174 omnibus
345 2123 594 2170 virtutibus
616 2123 798 2178 nostriS‚
822 2120 963 2170 valet.
1038 2123 1134 2171 Etsi·
1150 2124 1277 2170 Deus
1302 2123 1450 2188 exigit
1473 2123 1678 2171 virtutes
1699 2123 1921 2185 nostra&
1942 2139 2031 2172 nec
2059 2125 2341 2174 vult'indul*

101 2206 216 2259 gere
241 2205 328 2237 nos
353 2190 685 2254 cupiditatibus
712 2190 888 2257 carnis,
925 2190 1005 2238 (ed
1026 2189 1141 2237 serio
1165 2191 1384 2248 mandat,
1423 2198 1478 2238 ut
1507 2206 1585 2238 eas
1611 2193 1719 2238 non-
1734 2191 1977 2240 frenemus
1992 2199 2215 2255 tantum,
2235 2195 2339 2242 led

100 2262 291 2327 penitus
310 2258 655 2304 mortificemus
671 2287 682 2308 ‚
707 2264 869 2304 tamen
892 2254 1128 2320 injudicio
1144 2258 1347 2306 Dei-non
1370 2256 1564 2320 poffunt
1588 2259 1726 2306 nobis
1752 2258 1982 2322 prodesse.
2054 2261 2176 2309 Sunt
2200 2262 2339 2317 enim

101 2328 295 2393 poliutae
320 2325 368 2374 ὅ(
392 2327 728 2372 contaminatae
744 2325 1142 2389 concupiscentia.
1211 2325 1312 2373 Nisi·
1339 2325 1480 2390 igitur
1504 2327 1629 2374 Deus
1664 2334 1850 2375 avertat
1873 2326 2040 2376 oculos
2066 2327 2099 2374 a·
2118 2329 2339 2393 peccat-is

103 2395 272 2442 nostris
288 2425 302 2448 ,
335 2393 589 2440 imo-etiam
606 2388 812 2454 ajustitia
827 2391 1140 2441 &virtutibus
1158 2393 1351 2449 nostriS,
1389 2393 1437 2443 <Sc
1460 2401 1662 2458 propter
1690 2393 1834 2442 fidem
1849 2428 1862 2452 ,
1893 2410 1990 2459 quae
2012 2395 2342 2459 apprehendit*

103 2461 357 2511 filiumnos
371 2467 560 2523 reputet
578 2457 751 2523 justos,
778 2458 933 2507 adium
961 2460 1021 2506 de
1047 2461 1184 2508 nobis
1200 2459 1283 2517 est,
1305 2460 1626 2509 Misericordia
1641 2460 1763 2519 sola,-
1793 2462 2121 2528 seureputatio
2135 2462 2227 2510 sola
2241 2477 2340 2511 nos-

105 2531 276 2580 servan⁴
343 2527 553 2574 Fundata
577 2527 642 2574 est
663 2527 806 2591 igitur
827 2528 902 2574 hic
917 2525 1132 2579 doetrina
1146 2528 1301 2577 nostr-a
1315 2561 1336 2588 ,>
1351 2527 1799 2594 qu‘odjustificemur
1822 2545 1983 2580 coram
1996 2530 2122 2588 Deo,
2142 2538 2337 2579 tantum

92 2594 190 2664 ‘per
204 2594 569 2645 misericordiam
587 2595 672 2641 Dei
687 2602 1006 2659 reputantem.
2228 2607 2231 2610 '

278 2681 524 2733 Promiffio
548 2690 692 2746 caput
707 2683 771 2730 est
783 2681 1008 2731 dotti-inte
1032 2682 1082 2733 ὅτ
1109 2683 1504 2750 principalehui'c
1526 2680 1798 2748 adjungitur
1820 2680 1969 2741 ἥρωες
1984 2682 2076 2740 seu,
2097 2690 2151 2733 ut
2163 2681 2332 2735 clarius

107 2753 260 2801 dicam
275 2786 289 2810 ‚
314 2754 441 2801 hanc
454 2747 772 2817 apprehendit
784 2750 914 2802 fides,
940 2750 1250 2816 apprehensio
1266 2761 1426 2800 autem
1442 2750 1759 2816 promiffionis
1774 2760 1902 2799 certa
1917 2761 2118 2800 vocatur-
2132 2751 2248 2800 fides
2264 2804 2267 2807 ,
2281 2753 2336 2807 ὃς,

70 2832 77 2838 ·
106 2818 340 2883 iustificat,
361 2837 458 2868 non
474 2816 700 2882 tanquam
715 2833 836 2882 opus
851 2816 1169 2873 nostrum‚.sed
1186 2829 1408 2886 tanquam
1424 2821 1513 2868 Die
1529 2835 1665 2885 ορυε.
1704 2813 1948 2867 Promiffio
1963 2823 2088 2869 enim
2104 2819 2172 2868 est-
2185 2823 2246 2868 do
2284 2838 2339 2870 a*

107 2890 177 2936 tio
194 2887 242 2937 ἃ
255 2888 485 2951 cogitatio
497 2887 655 2936 divina
671 2919 685 2941 ,
720 2887 828 2950 quia
842 2886 972 2934 Deus
996 2887 1135 2935 nobis·
1154 2887 1334 2953 aliquid·
1351 2886 1494 2936 offert
1520 2922 1543 2946 ,-
1567 2885 1742 2935 nonest
1756 2885 2335 2953 nostrumaiiquodopuss

12 2960 18 2963 '
105 2952 641 3021 'cumnosDeoldamus
657 2962 742 3003 aut.
766 2954 969 3004 facimus
987 2952 1157 3020 aliquid
1172 2988 1187 3014 ,
1223 2956 1298 3005 sed
1313 2957 1571 3020 accipimus
1584 2955 1764 3020 aliquid
1778 2971 1804 3003 a
1819 2956 1961 3013 De0‚.
1986 2956 2126 3020 idque
2141 2965 2337 3010 tantum}
2385 2966 2390 2973 ·’

1293 3021 1352 3082 323
1374 3023 1400 3077 b
1438 3040 1468 3088 Ξ)
2242 3038 2339 3091 per·
