2554 3394
2503 0 2548 200 l

255 141 349 190 174
763 124 1079 190 betaentm‘iss
1117 127 1463 192 berjsst’rcben
1493 144 1552 194 3u
1589 133 1877 203 zambrim·

250 245 352 288 tum
365 241 560 288 verbum
576 270 589 294 ‚
626 239 738 301 quid
755 238 872 285 servi
886 238 972 283 Dei
986 237 1247 286 adsalutem
1270 241 1480 291 Ecclefiae
1492 250 1806 306 annunciant,
1839 249 1868 297 fi
1882 264 2006 306 vox,
2045 249 2182 296 sonus
2202 247 2440 304 &sermm

251 307 329 369 qui
345 308 388 353 in
401 314 505 352 aere
520 304 766 352 evanescit.
834 304 938 351 Hac
956 303 1179 366 loquendi
1196 308 1362 354 modus
1376 324 1473 355 non
1486 313 1714 360 consonat
1728 330 1834 362 curn
1846 317 2083 380 Scriptura
2095 344 2108 368 ,
2146 329 2247 379 quae
2261 312 2440 369 definit,
2519 310 2539 368 5]

218 392 221 393 ⁷
250 374 448 419 verbum
463 371 550 416 Dei
564 368 653 416 effe
670 369 932 417 sermonem
945 401 959 425 ‚
996 373 1073 432 qui
1086 386 1145 417 ex
1158 386 1239 418 ore
1253 373 1339 419 Dei
1356 376 1541 436 prodit,
1575 379 1749 425 etiamsi
1763 395 1822 426 ex
1836 382 2083 443 hominum
2102 396 2183 428 ore
2200 379 2441 443 progredi·

248 446 324 483 tur
346 437 576 494 Matth.4.
613 451 753 499 quem
770 438 896 483 Deus
918 450 1000 499 per
1014 436 1300 500 Prophetas,
1323 439 1488 487 Filium
1503 474 1516 497 ‚
1553 442 1600 491 ὅ(
1626 444 1881 508 Apostolos
1897 449 2144 510 patefecit,
2177 447 2224 496 ὅ(
2246 447 2341 492 hoc
2355 445 2443 494 Dei

248 503 443 549 verbum
460 501 549 547 este
563 503 650 548 Dei
665 503 885 549 virtutem
899 508 956 549 ad
969 501 1159 550 salutem
1173 505 1224 552 iis
1239 533 1253 557 ,
1288 509 1366 569 qui
1379 508 1609 556 obediunt
1622 511 1664 558 ei
1679 543 1692 567 ,
1723 525 1778 558 ac
1800 514 2014 560 credunt.
2081 511 2350 562 incredulos
2365 526 2443 567 ve-

246 582 300 614 ro
315 567 490 615 nullum
504 566 706 615 fructum
720 582 779 615 ex
793 569 887 615 hoc
904 569 1052 615 verbo
1068 570 1155 617 Dei
1171 573 1413 635 percipere
1427 605 1442 629 ‚
1461 577 1588 637 quod
1601 576 1646 622 id
1660 592 1758 624 non
1776 578 2008 641 recipiunt
2021 577 2112 626 fide
2125 613 2140 638 ‚
2151 581 2200 629 ὅ(
2215 580 2445 633 virtutem
2520 639 2523 644 r

249 633 349 697 ejus
367 667 382 689 ‚
419 650 511 698 qua
526 635 712 680 Deusin
725 636 1023 682 credentibus
1038 636 1102 683 est
1115 635 1307 695 efficax,
1345 640 1670 690 incredulitate
1685 643 2020 707 impediuntex
2043 644 2358 709 Evangelio&
2382 648 2442 692 A·
2516 648 2537 689 r

248 699 475 765 postolica
501 698 712 747 doctrina
727 698 1018 749 clarissimum
1033 702 1109 750 est.
1178 705 1251 751 Sic
1266 706 1323 751 de
1339 707 1593 771 Evangelio
1616 710 1704 756 Dei
1717 708 2027 759 fructificante
2046 711 2121 758 vel
2146 727 2240 759 non
2254 709 2442 759 frufflfi·
2518 711 2526 771 ἔ

249 761 868 830 canteloquiturScriptura.
942 768 1180 834 Qorsum
1195 773 1400 834 pertinet
1414 789 1522 826 cum
1544 782 1678 822 tanto
1695 777 1908 824 scandalo
1930 777 1978 827 ὅ(
2002 786 2098 824 tam
2113 779 2251 842 gravi·
2264 774 2444 841 diffipa-
2512 779 2537 842 ζ

247 835 380 880 tione
395 835 568 894 dogma
582 832 791 881 Ecclefiae
809 835 892 881 Dei
906 836 1130 884 haetenus
1152 837 1446 900 incognitum
1471 842 1528 888 de
1545 839 1721 904 justitia
1743 844 1832 890 Dei
1851 842 2074 892 essentiali
2092 846 2138 892 in
2163 843 2296 892 nobis
2319 843 2444 890 babi-

247 901 409 947 tante?
445 899 585 961 Juxta
599 899 869 964 scripturam
886 900 1208 965 simplicissime
1224 904 1287 950 est
1299 907 1598 965 docendum,
1635 911 1834 958 verbum
1852 911 1938 957 Dei
1956 909 2049 958 fide
2072 907 2442 973 susceptumeffi-
2514 915 2525 974 ,⁵

248 981 356 1013 cere
370 966 529 1012 omnia
543 999 556 1020 ,
593 968 649 1012 ad
665 982 764 1029 quae
779 970 938 1014 datum
958 970 1004 1017 ὅ(
1018 969 1302 1031 patefa&t1111
1317 972 1404 1029 est,
1440 974 1487 1023 ὅ(
1501 975 1588 1022 Dei
1603 976 1796 1024 confilio
1812 975 2020 1024 emissum
2035 992 2276 1040 nunquam
2291 976 2444 1023 redire
2516 983 2519 989 ’

247 1046 467 1079 vacuum.
537 1033 644 1078 Sine
666 1032 757 1079 fide
772 1035 1073 1096 Evangelium
1097 1037 1183 1084 Dei
1205 1037 1422 1086 inefficax
1447 1040 1565 1099 esse,
1601 1059 1699 1091 non
1723 1045 1894 1091 accidit
1913 1045 2048 1096 inde,
2082 1044 2211 1107 quod
2234 1043 2446 1106 Evange-

245 1098 356 1145 lium
378 1100 422 1145 in
439 1097 636 1146 Ecclesia
652 1098 865 1156 sonatur,
901 1102 947 1149 ὅ(
964 1100 1061 1164 ejus
1074 1104 1207 1151 sonus
1222 1106 1268 1152 iu
1286 1112 1392 1153 aere
1408 1107 1576 1172 sparsus
1596 1110 1860 1168 evanescit,
1898 1110 1973 1157 sed
1997 1113 2125 1174 quod
2138 1124 2262 1157 voce
2285 1109 2372 1156 Dei
2387 1108 2470 1166 53<s

247 1166 500 1228 praedicato
516 1166 769 1229 Evangelio
787 1184 881 1214 non
904 1169 1102 1216 habetur
1114 1169 1254 1227 fides,
1292 1173 1446 1238 illique
1469 1191 1567 1222 non
1590 1177 1824 1226 obeditur.
1894 1178 1967 1225 Sic
1989 1177 2210 1241 scriptura
2235 1174 2445 1238 loquitur
2485 1234 2495 1242 κ

246 1233 304 1278 de
316 1234 463 1279 verbo
480 1233 592 1288 Dei,
630 1248 736 1280 cum
752 1235 952 1297 exponit
966 1237 1173 1293 causam,
1210 1240 1400 1287 curaliis
1424 1242 1584 1289 frustra
1611 1243 1700 1290 {ine
1724 1241 1877 1291 fructu
1893 1277 1906 1301 ,
1942 1243 2037 1292 aliis
2061 1259 2170 1291 cum
2191 1240 2344 1290 fruetu
2367 1257 2446 1289 an-

246 1300 509 1345 nuncietur.
580 1301 773 1362 Spiritus
793 1300 987 1349 Sanctus
1001 1318 1145 1350 unum
1159 1306 1274 1352 dicit
1291 1305 1380 1362 effe
1396 1308 1565 1356 Christi
1583 1310 1883 1373 Evangelium
1897 1343 1910 1366 ‚
1944 1313 2074 1374 quod
2095 1308 2160 1356 est
2186 1310 2334 1356 virtus
2356 1307 2444 1355 Dei
2553 1312 2554 1387 l

246 1363 511 1411 adsalutem
528 1368 657 1412 omni
671 1370 905 1422 credenti,
945 1384 1042 1415 non
1056 1372 1118 1417 ait
1132 1370 1222 1418 effe
1237 1373 1332 1418 duo
1351 1374 1601 1436 Evangelia
1616 1408 1630 1430 ,
1670 1391 1757 1422 nec
1781 1375 1997 1422 dilabitur
2019 1377 2075 1422 ad
2098 1373 2443 1422 distinctionem

200 1490 203 1491 ⁷
247 1431 430 1478 externi
449 1431 678 1479 &interni
695 1434 822 1482 verbi
839 1467 851 1488 ,
883 1438 1010 1496 quod
1024 1437 1160 1500 quale
1176 1438 1224 1487 <Sc
1245 1440 1353 1500 quid
1378 1440 1453 1494 fit,
1490 1442 1568 1488 vix
1593 1443 1685 1497 dici⁸
1708 1441 1885 1504 potest,
1918 1441 1997 1489 nisi
2020 1441 2214 1488 relative
2237 1442 2442 1496 dicatur,

247 1499 376 1561 quod
391 1497 439 1544 fit
453 1512 548 1545 vox
564 1499 649 1545 Dei
666 1499 739 1546 seu
756 1500 1056 1563 praedicatum
1075 1504 1160 1550 Dei
1180 1506 1376 1550 verbum
1391 1537 1404 1558 ,
1428 1505 1517 1552 fide
1533 1516 1776 1567 receptum
1791 1538 1805 1561 ,
1829 1522 2007 1571 perque
2022 1521 2154 1554 aures
2168 1508 2224 1553 ad
2238 1507 2445 1553 animum

247 1580 304 1612 ac
322 1579 405 1612 cor
418 1563 725 1612 intromissum
742 1599 755 1618 ,
795 1566 842 1615 ὅ(
855 1569 900 1613 in
916 1581 975 1616 eo
991 1582 1074 1630 per
1092 1567 1230 1616 fidem
1247 1579 1486 1617 retentum
1501 1572 1548 1620 ὅ(
1564 1571 1862 1620 custoditum.
2429 1629 2432 1632 ⁴
2462 1620 2468 1624 .

415 1630 627 1677 Verbum
644 1633 728 1678 Dei
743 1636 894 1695 ‚quod
907 1649 1004 1681 vox
1021 1634 1226 1682 humana
1242 1636 1388 1692 sonat,
1404 1637 1494 1684 ssve
1508 1640 1552 1685 in
1568 1640 1710 1685 corde
1724 1637 1815 1686 fide
1831 1646 2075 1702 receptum
2090 1637 2208 1686 ferat
2221 1635 2446 1691 fruetum,
2499 1693 2508 1700 ἡ

247 1696 339 1743 sive
354 1696 679 1744 incredulitate
693 1699 927 1746 exclusum
940 1733 953 1755 ,
991 1700 1037 1749 ὅ(
1053 1717 1147 1748 non
1168 1702 1449 1750 custoditum
1465 1721 1563 1752 non
1577 1706 1729 1753 adFert
1743 1705 1944 1760 fructum
1958 1739 1973 1764 ,
2007 1707 2131 1754 idem
2143 1706 2340 1754 verbum
2353 1703 2446 1762 est,

247 1760 438 1827 ejusque
454 1763 618 1810 eadem
638 1767 785 1811 virtus
799 1765 862 1812 est
877 1800 889 1822 ,
924 1766 1036 1814 licet
1049 1782 1152 1814 eam
1169 1785 1264 1816 non
1277 1764 1322 1817 in
1339 1774 1554 1818 omnibus
1569 1780 1745 1820 exerat.

428 1830 682 1877 Externum
699 1832 771 1878 seu
787 1833 950 1880 vocale
964 1834 1050 1880 Dei
1070 1838 1266 1882 verbum
1283 1868 1296 1891 ,
1330 1842 1454 1901 quod
1473 1839 1720 1902 Propbetae
1744 1840 1957 1905 Apostoli
1972 1871 1984 1893 ,
2018 1841 2068 1890 <Sc
2088 1839 2187 1889 veri
2213 1835 2446 1907 pastores,

248 1910 302 1943 ac
322 1894 554 1944 DOCtores
568 1912 627 1944 ex
642 1913 722 1945 ore
736 1899 926 1946 Domini
951 1902 1141 1955 sonant,
1179 1919 1275 1949 non
1298 1920 1498 1951 vacuum
1527 1907 1690 1953 sonum
1716 1906 1833 1964 effe,
1874 1908 1949 1956 sed
1975 1922 2137 1955 verum
2162 1905 2248 1951 Dei
2278 1901 2446 1952 efficax

247 1965 443 2010 verbum
457 1995 470 2018 ,
508 1966 636 2026 quod
650 1980 721 2012 res
738 1967 976 2028 promissas
992 1966 1363 2032 veriffimejuxta
1375 1973 1624 2019 veritatem
1643 1975 1728 2020 Dei
1745 1974 1897 2022 secum
1915 1973 2052 2022 affert
2065 2005 2076 2027 ,
2102 1975 2179 2022 nili
2195 1986 2277 2035 per
2297 1973 2447 2018 incre·

247 2030 491 2076 dulitatem
507 2033 812 2094 impediatur,
847 2033 892 2080 in
907 2034 1117 2081 confesso
1133 2034 1221 2091 est,
1253 2038 1359 2100 quia
1386 2038 1608 2102 scriptura
1634 2039 1758 2088 testis
1782 2041 1878 2098 est«,
1918 2057 2001 2105 per
2024 2044 2117 2090 hoc
2138 2041 2334 2090 verbUm
2357 2036 2446 2084 Dei
2523 2085 2526 2089 ,

247 2096 469 2160 Spiritum
496 2097 718 2145 Sanctum
741 2100 967 2147 donatum
996 2100 1085 2147 effe
1108 2105 1434 2161 credentibus,
1473 2121 1651 2170 eosque
1673 2109 1876 2155 servatos
1890 2108 2010 2166 esse,
2035 2107 2174 2172 juxta
2194 2103 2329 2158 illud,
2367 2103 2445 2168 qui

247 2162 510 2211 [ermonem
526 2169 825 2212 meumraudit
840 2196 851 2217 ,
886 2168 933 2215 <Sc
947 2170 1095 2214 credit
1117 2171 1157 2216 ei
1175 2201 1185 2221 ,
1221 2172 1362 2217 babet
1378 2173 1523 2219 vitam
1537 2183 1776 2222 aeternam.

417 2231 653 2294 Scriptura
668 2232 930 2296 simpliciter
945 2235 991 2282 ὅ(
1011 2235 1219 2283 absolute
1234 2239 1430 2285 sermoni
1448 2240 1531 2286 Dei
1549 2241 1708 2287 tribuit
1733 2242 1820 2289 Dei
1842 2243 2097 2298 virtutem',
2136 2250 2279 2307 negat
2300 2241 2446 2290 ullum
2509 2247 2530 2262 ⁸

247 2295 338 2342 Dei
353 2298 548 2344 verbum
564 2314 761 2346 vacuum
780 2301 1040 2347 lei-monem
1055 2335 1068 2355 ‚
1091 2302 1137 2350 <Sc
1153 2302 1516 2353 evanescentem
1531 2307 1691 2353 sonum
1708 2306 1826 2365 effe‘,
1849 2319 1990 2373 negat
2004 2307 2102 2371 ejus
2119 2311 2341 2356 virtutem
2359 2309 2445 2371 alia
2485 2340 2487 2342 -

246 2362 430 2410 ratione
445 2366 680 2427 impediri,
715 2383 853 2431 quam
876 2369 1141 2414 auditorum
1162 2381 1442 2435 contemptu
1458 2373 1504 2422 ὅ(
1519 2375 1859 2423 incredulitate.
1928 2375 2032 2421 Sola
2048 2371 2457 2424 fidescsscincredii-⁴

248 2429 350 2477 litas
362 2430 475 2477 facit
493 2432 614 2477 inter
636 2432 897 2482 sermonem
915 2434 1027 2490 Dei,
1065 2447 1290 2498 quantum
1306 2443 1475 2486 attinet
1490 2441 1546 2486 ad
1564 2437 1659 2501 ejus
1676 2438 1881 2487 officium
1895 2473 1908 2497 ,
1946 2441 2288 2490 distinctionem
2301 2474 2316 2498 ‚
2338 2441 2445 2504 quia

248 2498 552 2559 pereuntibus
567 2499 813 2547 incredulis
838 2503 985 2548 sermo
1002 2505 1149 2549 crucis
1165 2503 1209 2550 Χ(
1227 2504 1437 2562 stultitia,
1471 2509 1522 2554 iis
1539 2523 1678 2563 vero,
1713 2510 1790 2571 qui
1806 2508 1996 2556 salutem
2012 2510 2361 2573 consequuntur
2379 2505 2444 2554 est
2516 2508 2521 2511 ”

248 2561 530 2627 sapientia&
549 2569 763 2627 potentia
779 2569 863 2615 Dei
897 2568 1057 2615 1.Cor-
1081 2584 1114 2614 r.
1151 2571 1287 2620 Rom.
1311 2587 1349 2621 1.
2272 2576 2276 2578 ’
2431 2624 2434 2627 ,

419 2631 548 2678 Sicut
563 2631 625 2678 sol
643 2633 714 2680 sua
730 2645 891 2681 natura
907 2637 1027 2682 idem
1044 2635 1107 2682 est
1122 2640 1255 2684 caecis
1277 2638 1322 2686 ὅ(
1337 2639 1602 2686 videntibus
1616 2673 1629 2696 ,
1669 2655 1757 2687 nec
1771 2642 1950 2688 caecitas
1966 2641 2010 2687 in
2025 2652 2197 2703 genere
2209 2645 2361 2685 mutat
2374 2638 2443 2686 so‘-
2468 2695 2473 2699 Ἴ

247 2693 300 2743 lis
316 2703 556 2754 naturam,
591 2702 900 2765 uonimpedit
925 2700 1020 2763 ejus
1038 2702 1194 2750 lumen
1218 2720 1316 2752 non
1338 2705 1570 2768 tollitejus
1596 2710 1841 2762 virtutem,
1881 2709 1954 2754 sed
1980 2708 2057 2753 suo
2080 2706 2198 2751 vitio
2223 2707 2375 2767 privat
2398 2705 2442 2753 se

249 2762 384 2826 ipfius
398 2764 475 2811 usu
491 2765 583 2829 ipsa
596 2769 792 2814 caecitas.
861 2769 923 2815 Ut
938 2771 1090 2831 pluvia
1105 2772 1302 2817 eandem
1316 2774 1535 2819 virtutem
1555 2773 1853 2821 humectandi
1866 2775 1911 2821 <Sc
1924 2772 2141 2832 irrigandi
2159 2773 2319 2826 habet,
2333 2787 2441 2837 cum
2507 2788 2521 2815 ,·

249 2829 326 2876 vel
341 2830 386 2876 in
398 2831 601 2878 fertilem
614 2834 689 2895 vel
705 2833 901 2882 sterilem
918 2837 1269 2884 terramlabitur
1293 2837 1482 2901 ejusque
1509 2843 1652 2887 virtus
1676 2848 1856 2885 tantum
1881 2840 1996 2885 vitio
2012 2847 2142 2883 terrae
2165 2839 2442 2900 impeditur:
2520 2839 2529 2902 J„

253 2893 323 2942 Ita
337 2911 478 2944 omne
493 2899 582 2947 Dei
595 2903 791 2949 verbum
818 2904 998 2968 semper
1020 2906 1193 2952 retinet
1215 2906 1340 2957 suam
1365 2898 1611 2965 veritatem
1634 2908 1680 2956 ἀ
1705 2907 1952 2962 virtutem,
1989 2905 2117 2968 quod
2140 2919 2253 2954 vero
2275 2903 2442 2955 alicubi
2526 2914 2528 2958 ζ

2343 2985 2440 3017 non

2502 511 2510 516 ,

2518 460 2539 637 δεῖμεν-,Ρ
2519 470 2523 481 “
2520 405 2543 454 34ae
