2554 3394
0 434 2 456 s

0 511 1 536 l

0 537 1 616 ἕ
22 555 26 558 .

0 627 9 648 L

722 160 730 164 ·
786 146 877 197 III.
912 146 1181 197 CONTRA
1212 147 1272 197 A.
1309 146 1719 200 OSIANDRUM.
2255 156 2352 223 ‘171

157 225 2353 251 ww

309 263 363 312 D.
390 259 625 310 Lutherus
640 259 794 308 scribit
807 261 850 308 se
864 262 927 308 ob
939 256 1063 309 hanc
1077 261 1261 310 causam
1266 259 1493 326 justitiam
1507 296 1523 321 ,
1561 279 1662 329 quae
1677 279 1736 312 ex
1759 263 1851 312 fide
1865 261 1930 312 est
1941 293 1956 317 ‚
1993 263 2280 329 nuncupasse
2294 265 2358 314 es2

141 328 446 377 sentialem&
466 335 691 375 aeternam
704 325 930 390 justitiam
946 361 960 383 ‚
993 330 1123 393 quod
1148 338 1383 394 perpetuo
1402 340 1606 379 maneat.
1677 333 1754 379 Ad
1769 329 2038 379 Antithesin
2051 332 2108 380 D.
2121 330 2360 382 Lutherus'

138 397 373 459 respexit,
410 410 514 458 quae
536 399 742 459 opponit
758 391 1306 459 justitiaelegisjustitiarn
1320 397 1428 447 sidei
1443 435 1455 452 ‚
1490 413 1693 463 eamque
1705 395 1954 462 expreffit‚
1989 413 2098 446 cum
2113 402 2257 449 vertit
2272 400 2362 448 Dei

132 459 359 526 justitiam
373 495 387 518 ,
412 476 512 526 quae
526 477 686 509 coram
703 462 807 508 Deo
820 462 945 510 valet
958 496 972 520 ,
996 471 1047 510 ut
1061 463 1338 512 excluderet
1353 463 1787 528 humanasjustitias
1805 479 2022 529 operum.
2095 469 2266 532 Neque
2283 482 2363 516 ve-

136 544 193 576 ro
206 528 504 576 solummodo
518 531 563 576 in
581 528 794 576 versione
811 530 884 577 sua
898 530 1178 577 sententiam
1192 530 1346 589 Pauli,
1383 533 1458 580 sed
1472 534 1615 580 etiam
1631 534 1776 582 verba
1791 533 2025 596 s'cripturae
2041 533 2254 582 imitatus
2277 534 2357 583 ests

137 596 263 643 Nam
277 598 335 642 ad
349 597 472 643 hanc
484 595 686 643 formam
701 595 890 644 locutus
904 596 969 644 est
991 597 1140 644 Lucas
1154 613 1256 661 cap.
1273 599 1308 648 Ι.
1382 599 1444 647 Ut
1459 600 1708 648 serviamus
1724 601 1828 648 Deo
1843 599 1891 647 in
1908 598 2147 648 sanctitate
2161 601 2210 649 ὅ(
2237 598 2360 662 justi-

137 661 202 710 tia
215 678 378 710 coram
395 664 505 727 ipso.
544 664 600 710 Et
624 663 740 727 Eph.
762 679 798 710 1.
867 665 942 711 Sic
958 659 1290 726 nosjustificari
1316 666 1488 723 docet,
1519 669 1647 730 quod
1671 668 1797 714 Deus
1822 681 1910 714 nos
1934 675 2160 730 acceptos
2176 668 2224 716 ὅ(
2245 669 2352 717 cha-

135 744 215 777 ros
232 726 379 777 habet
393 732 436 776 in
453 729 659 777 Christo.
731 732 814 778 Ait
828 732 970 787 enim,
986 730 1330 794 praedestinavit
1344 749 1432 781 nos
1445 735 1572 781 Deus
1585 735 1631 781 in
1645 734 1831 782 laudern
1846 733 2055 799 gloriosae
2070 735 2232 800 gratiae
2248 734 2362 796 suae,

137 796 184 844 in
201 812 292 862 qua
306 812 392 856 nos
407 799 516 844 lacit
532 805 757 861 acceptos
773 813 855 861 per
867 797 1102 846 dilestum.

308 864 635 912 Observentur
648 896 661 920 ,
678 865 723 912 in
738 866 891 912 citatis
907 864 1183 912 testimoniis
1208 865 1489 929 emphatica:
1504 866 1763 931 &insignes
1778 866 1989 915 formulae
2005 868 2245 919 sermonis.
2279 870 2358 934 Ju-

135 927 253 978 stitia
267 929 719 979 fideidicitureffein
744 932 955 981 Domino
993 932 1101 980 Esai.
1119 946 1202 992 45.
1272 935 1339 980 Ex
1356 935 1461 982 Deo
1483 935 1649 999 Philip.
1673 949 1710 994 3.
1744 934 1922 997 Justitia
1937 936 2062 1000 apud
2079 936 2230 984 Deum
2243 936 2355 986 Esai.

140 1011 215 1057 54.
254 996 424 1045 Paulus
447 998 493 1046 in
509 999 702 1045 nomine
714 999 823 1063 JEsu
838 997 1011 1047 Christi
1027 999 1181 1047 scribit
1195 997 1524 1063 nosjustificari
1541 1035 1554 1058 ,
1597 1001 1923 1065 commetiens
1939 1004 2106 1051 merita
2129 1004 2354 1052 obedien-

133 1065 208 1111 tiae
222 1064 270 1113 ὃς
284 1062 501 1128 passionis
521 1064 719 1123 Christi,
758 1068 1005 1131 quomodo
1023 1065 1236 1117 Christus
1250 1069 1397 1127 dixit,
1433 1070 1674 1135 praedicari
1700 1067 2019 1119 remissionem
2045 1079 2357 1135 peccatorum

135 1130 183 1178 in
205 1133 401 1180 nomine
421 1133 515 1179 suo.

317 1200 563 1264 Nusquam
592 1200 814 1264 scrIptura
841 1209 988 1249 vocat
1009 1200 1298 1251 essentialem
1321 1198 1542 1263 justitiam
1560 1234 1574 1257 ,
1613 1216 1673 1249 ne
1702 1203 1749 1249 in
1774 1202 1977 1271 Jeremia
1996 1206 2214 1271 quidem,
2250 1222 2360 1256 cum

133 1263 277 1322 dicit,
314 1266 583 1313 Vocabitur
597 1267 723 1312 Deus
732 1265 906 1328 justitia
920 1269 1092 1319 nostra,
1164 1271 1289 1316 Nam
1303 1268 1545 1331 praemittit
1558 1269 1618 1315 de
1633 1274 1846 1332 germine
1851 1269 1979 1334 justo
1995 1275 2251 1323 excitando
2269 1276 2357 1323 Da-

131 1328 245 1380 vidi.
315 1331 476 1394 Qare
492 1329 590 1388 his,
624 1330 817 1395 aliisque
831 1333 1004 1382 usitatis
1019 1334 1340 1383 locutionibus
1356 1334 1588 1398 scripturae
1602 1338 1849 1393 contenti,
1885 1353 1970 1402 per
1990 1353 2221 1404 eamque,
2254 1343 2351 1406 Spi-

131 1397 242 1445 ritui
256 1397 456 1453 SanEto,
494 1399 571 1463 qui
597 1399 807 1463 praecipit
831 1415 916 1463 per
936 1400 1132 1449 Paulum
1153 1398 1715 1465 devitarenoyopeoezsm,
1760 1403 2050 1468 κενοφωγίοισ-
2072 1407 2120 1456 ὅ(
2145 1409 2356 1472 Disputa-

131 1463 288 1512 tiones
302 1464 411 1512 falso
432 1464 490 1513 sic
505 1467 761 1514 nominatae
778 1466 976 1516 scientiae
990 1501 1004 1523 ,
1037 1484 1179 1534 quam
1200 1470 1392 1533 quidam
1417 1468 1699 1533 profitentes
1715 1471 1741 1518 a
1763 1470 1856 1518 fide
1880 1474 2170 1522 aberrarunt.
2213 1492 2249 1522 1.
2263 1476 2354 1526 Th.

133 1531 431 1647 6⁰3⁶·2't·Th⁴
447 1548 489 1580 2.
556 1533 982 1583 Nolicontendere
1007 1536 1191 1595 verbiS,
1227 1538 1285 1584 ad
1300 1536 1413 1583 ni-hil
1426 1538 1556 1585 enim
1571 1537 1683 1586 utile
1699 1537 1790 1597 est,
1830 1539 1910 1587 nisi
1935 1542 1994 1588 ad-
2008 1541 2356 1592 subversionem

135 1612 193 1646 au
228 1612 306 1646 ien
332 1613 443 1646 ium.

791 1680 888 1731 DE
915 1681 1237 1800 EXTERNVO
1271 1683 1367 1800 {T
1390 1683 1696 1736 INTERNO

1219 1768 1271 1800 er
1298 1768 1335 1801 0.

314 1830 387 1879 De
393 1826 727 1894 justificatione
748 1830 952 1880 nostram
976 1835 1255 1885 sententiam
1280 1837 1509 1892 diximus,
1545 1853 1671 1886 nunc
1697 1839 1907 1888 dicemus
1922 1840 1982 1888 de
2007 1841 2353 1891 externoddn-

132 1904 273 1951 terno
294 1901 443 1946 verbo
462 1929 477 1955 ,
508 1898 556 1947 ὅ(
572 1896 689 1956 fide,
728 1915 869 1964 quam
886 1901 939 1947 D.
955 1903 1185 1952 Osiander
1207 1907 1299 1963 ait,
1337 1905 1579 1953 Christum
1604 1906 1902 1956 essentialiter
1914 1910 2148 1956 adducere
2165 1909 2212 1960 ὅ(
2234 1925 2354 1959 con-

133 1965 321 2014 cludere
335 1967 382 2014 in
402 1967 546 2012 corda
561 1967 872 2014 credentium.

303 2033 377 2080 De
392 2033 488 2080 hoc
501 2033 760 2081 discrimine
773 2035 905 2083 verbi
920 2035 1008 2083 Dei
1023 2036 1071 2086 ὅ(
1093 2035 1202 2086 fidei
1226 2038 1360 2087 inuiti
1381 2037 1637 2088 disserimus
1650 2070 1664 2094 ,
1700 2043 1829 2106 quod
1844 2040 2031 2090 fortasse
2055 2043 2189 2092 satius
2209 2043 2350 2098 esset,

133 2100 182 2147 id
193 2097 372 2146 silentio
387 2102 622 2163 praeterire
635 2134 650 2156 ,
674 2116 814 2160 quam
829 2103 1129 2151 occasionem
1144 2109 1352 2171 praebere
1368 2108 1677 2156 contentiosis
1692 2111 1749 2156 ad
1773 2125 1902 2158 nova
1917 2113 2189 2162 certamina.
2259 2112 2353 2160 Sed

135 2167 244 2230 quia
257 2166 595 2230 imaginatione
608 2172 666 2214 de
690 2177 892 2216 externo
907 2171 1158 2219 &interno
1175 2174 1324 2221 verbo
1341 2175 1388 2224 ὅ(
1402 2173 1493 2223 fide
1506 2178 1777 2224 advehente
1788 2177 1835 2226 ὅ(
1851 2179 2096 2226 detinente
2109 2177 2351 2227 Christum

134 2233 406 2281 conclusum
421 2237 465 2281 in
482 2235 701 2281 cordibus
722 2238 1046 2294 credentium,
1081 2239 1305 2288 adseritur
1319 2243 1494 2306 dogma
1518 2245 1576 2290 de
1598 2242 2002 2306 essentialijustitia
2025 2247 2141 2303 Dei,
2179 2263 2269 2311 qua
2283 2247 2350 2294 O-

133 2301 312 2348 siander
326 2315 411 2348 nos
426 2316 587 2347 coram
603 2302 703 2348 Deo
712 2298 861 2365 justos
874 2302 972 2351 sieri
987 2307 1264 2365 contendit,
1299 2309 1482 2358 necesse
1497 2309 1563 2358 est
1576 2344 1591 2367 ,
1628 2319 1707 2368 ut,
1746 2312 1857 2376 quid
1881 2314 2042 2360 dehac
2057 2313 2351 2362 distinCtione

134 2368 329 2416 verbi&
349 2366 458 2416 fidei
474 2368 767 2416 sentiendum
783 2369 859 2426 sit,
897 2372 1182 2436 attingatur,
1220 2377 1328 2439 quia
1348 2391 1403 2424 ea
1417 2377 1483 2425 est
1497 2379 1785 2442 praecipuum
1801 2379 2164 2428 fundamentum
2188 2380 2349 2445 imagi-

134 2435 341 2482 nationis
356 2435 416 2481 de
428 2433 604 2498 justitia
625 2437 710 2483 Dei
726 2435 976 2495 essentiali,
1013 2455 1104 2503 qua
1117 2440 1339 2491 distraE‘tis
1366 2445 1541 2492 naturis
1560 2446 1608 2493 in
1622 2445 1811 2494 Christo
1825 2478 1840 2502 ,
1877 2448 1922 2494 id
1947 2448 2091 2511 impie
2112 2448 2347 2507 tribuitur,

136 2505 266 2567 quod
281 2502 486 2565 personae
510 2501 710 2560 Christi,
746 2500 842 2552 hoc
856 2504 948 2563 est,
981 2506 1089 2555 Deo
1105 2507 1154 2558 ὅ(
1167 2510 1350 2559 homini
1365 2508 1658 2575 conjun&im
1681 2514 1981 2561 tribuendum
1996 2515 2098 2562 fuit.

307 2586 567 2650 Dupliciter
585 2589 815 2637 Osiander
828 2591 992 2639 dividit
1006 2595 1206 2642 verbum
1224 2595 1338 2653 Dei,
1375 2597 1421 2645 in
1435 2596 1695 2646 doctrinam
1710 2599 2002 2662 poenitentiae
2018 2599 2065 2648 ὅ(
2092 2597 2348 2663 Evangelii,

136 2653 333 2702 Rursum
350 2655 653 2718 Evangelium
671 2658 869 2720 partitur
887 2660 932 2704 in
948 2666 1199 2709 externum
1214 2662 1513 2712 &internum
1530 2665 1617 2713 Dei
1631 2667 1828 2713 verbum
1845 2698 1859 2721 ‚
1896 2667 2134 2714 internum
2150 2668 2350 2716 verbum

136 2718 385 2768 Deirursus
400 2722 606 2769 bifariam
623 2725 813 2780 dividit,
839 2725 884 2770 in
905 2726 950 2772 id
975 2729 1103 2789 quod
1126 2728 1174 2775 in
1196 2731 1345 2778 verbo
1370 2739 1570 2779 externo
1595 2731 1660 2780 est
1682 2732 1934 2789 inclusum,
1968 2734 2014 2783 ὅ(
2038 2734 2085 2780 in
2107 2731 2344 2782 essentiale

135 2787 227 2834 Dei
239 2788 451 2835 verbum.
522 2790 776 2838 Externum
792 2789 957 2839 definit
969 2825 984 2848 ,
1019 2795 1148 2858 quod
1163 2795 1215 2843 sit
1227 2797 1379 2844 sermo
1394 2831 1409 2856 ,
1424 2799 1503 2863 qui
1517 2798 1566 2848 in
1580 2814 1662 2846 ore
1675 2799 1834 2848 nostro
1848 2801 2013 2865 incipit
2027 2835 2041 2857 ‚
2076 2800 2124 2850 &
2138 2816 2222 2865 per
2238 2808 2347 2850 aera

138 2853 288 2901 fertur
300 2858 356 2901 ad
371 2871 502 2904 aures
520 2860 809 2907 audientium
824 2891 838 2913 ,
872 2859 1104 2907 &iterum
1125 2864 1379 2913 evanescit.
1459 2867 1579 2913 Item
1594 2869 1721 2930 quod
1747 2866 1798 2916 sit
1812 2883 1910 2916 vox
1934 2868 1983 2917 ὅ(
2006 2869 2154 2916 sermo
2175 2883 2349 2917 evane-
2410 2921 2414 2924 ,

139 2919 268 2967 scens
282 2922 328 2967 in
342 2928 472 2977 aera,
509 2924 716 2973 &statim
733 2925 875 2974 finem
892 2925 1022 2974 suum
1042 2928 1216 2982 habet,
1253 2932 1301 2978 in
1317 2946 1412 2994 quo
1435 2940 1595 2980 tamen
1618 2931 2011 2998 comprehensum
2027 2969 2041 2992 ,
2079 2935 2349 2984 involutum

139 2985 188 3046 <Sc
202 2987 526 3039 absconditum
541 2992 593 3041 sit
607 2997 804 3043 verbum
816 2995 1053 3045 internum
1067 3028 1081 3055 ,
1117 2996 1246 3062 quod
1260 2997 1375 3045 dicit
1394 2998 1484 3049 effe
1497 3002 1545 3050 in
1554 2997 1826 3052 hominibus
1840 3035 1856 3063 ,
1890 3004 2114 3070 quicquid
2136 3003 2285 3053 sciunt
2299 3003 2349 3052 <Sc

1288 3060 1337 3125 ἓ)
1374 3080 1405 3119 2
2218 3071 2347 3136 cogi-
