2554 3394
237 182 326 238 158
743 219 747 221 ,
817 162 1131 229 Χυεὲἄηιιιᾱβ
1155 166 1239 216 ber
1262 163 1494 221 mahen
1516 151 1887 231 zussamburg.

234 286 475 338 tissi.Deus
496 288 540 334 ὅ(
565 285 799 349 promittit
822 282 1160 346 ignoscentiam
1189 277 1469 326 deliesorum
1493 289 1690 343 propter
1714 280 1857 327 filium
1894 279 2068 345 passum
2102 293 2190 343 pro
2226 275 2434 341 peccatis

232 356 409 403 mundi.
480 354 714 416 Scriptura
729 350 960 396 redundat
977 346 1242 395 suavissimis
1259 343 1658 392 consolationibus
1674 377 1688 404 ‚
1708 361 1809 408 quae
1824 348 2111 410 promittunt
2123 351 2438 408 peccatorum

231 417 546 467 remissionem
563 451 577 473 ,
615 426 666 463 ut
682 417 829 463 miseri
851 412 984 480 pressi
1005 415 1088 461 suis
1103 413 1424 477 iniquitatibus
1452 415 1498 459 in
1514 414 1639 475 spem
1665 421 1844 459 certam
1865 412 2014 460 salutis
2036 413 2290 475 erigantur.
2357 407 2438 455 Ad

229 488 358 533 hunc
372 484 512 531 finem
536 483 744 532 Christus
757 482 900 529 refert
917 479 1120 528 studium
1137 480 1220 527 suae
1244 476 1461 543 passionis
1475 512 1488 536 ‚
1523 481 1571 527 ὅ(
1585 477 1933 525 resurreffionis
1945 511 1960 534 ,
1996 481 2052 526 ad
2067 481 2192 526 hunc
2207 476 2350 524 finem
2371 476 2435 522 di-

229 554 337 616 rigit
351 551 654 599 Mimsterium
668 547 930 613 Evangelii,
968 547 1015 596 ὅ(
1031 546 1313 611 potestatem
1330 546 1533 593 clavium
1558 545 1734 595 Matth.
1755 548 1826 592 16.
1841 544 1889 592 ὅ(
1901 545 2038 605 Joan.
2054 561 2131 593 20.
2166 548 2365 594 revocat
2377 543 2436 607 ad

230 620 354 666 hanc
369 618 592 666 summam
606 651 619 672 ,
655 630 944 680 quaecunque
958 617 1017 662 de
1030 616 1128 679 ipso
1152 614 1320 677 scripta
1336 613 1498 660 suntin
1513 613 1667 667 Mose,
1694 613 1739 658 in
1757 611 2009 674 Prophetis
2022 611 2264 659 &Psalmis
2277 642 2292 666 ‚
2307 608 2438 673 quod
2510 618 2531 671 35³

232 687 444 747 oportuit
458 683 693 732 Christum
715 683 872 746 pati&
887 682 914 729 a
927 684 1123 730 mortuis
1138 681 1376 743 resurgere
1394 683 1531 728 tertia
1547 681 1621 727 die
1637 679 1684 728 &
1700 678 1940 742 praedicari
1953 679 1998 725 in
2013 679 2206 724 nomine
2220 675 2319 738 ejus
2333 689 2435 740 poe·

231 754 477 799 nitentiam
493 748 867 799 &remissionem
885 757 1210 812 peccatorum
1279 747 1329 793 In
1349 749 1476 794 idem
1500 747 1840 810 compendium
1865 745 2107 792 contrahit
2133 742 2298 790 Petrus
2322 757 2440 789 con·

231 818 391 866 ciones
411 819 752 881 Prophetarum
769 818 826 864 de
841 815 1029 864 Christo
1054 813 1153 863 Ast.
1181 830 1252 863 10.
1287 813 1464 865 dicensi
1532 815 1655 861 Huic
1670 827 1837 859 omnes
1848 811 2103 875 Prophetae
2117 808 2438 857 testimonium
2511 796 2533 852 ’ἦ

231 887 508 950 perhibent,
530 886 658 947 quod
673 886 928 948 accipimus
944 880 1260 930 remissione-m
1276 891 1583 945 peccatorum
1599 895 1683 945 per
1697 894 1877 927 nomen
1893 878 2008 942 ejus.
2077 879 2218 925 Adeo
2239 890 2339 923 non
2353 877 2436 922 do·
2515 898 2523 941 ‚²

230 960 342 999 cent
352 951 518 1015 frigide
533 954 591 998 de
600 949 932 1014 justificatione
946 981 960 1002 ‚
997 953 1075 1014 qui
1090 953 1271 997 docent
1284 946 1617 1012 nosjustisicari
1629 945 1897 995 remissione
1909 952 2220 1010 peccatorum
2235 976 2249 1000 ‚
2270 950 2322 990 ut
2335 956 2437 990 ver-
2520 964 2523 974 i

229 1018 384 1066 sentur
403 1019 450 1066 in
465 1017 625 1066 officio
639 1020 850 1065 omnium
870 1017 1218 1081 Prophetarum
1233 1050 1246 1074 ,
1285 1016 1470 1064 &idem
1483 1015 1803 1063 testimonium
1818 1015 1876 1060 de
1891 1011 2080 1060 Christo
2092 1011 2246 1058 ferant
2257 1041 2272 1064 ‚
2308 1006 2438 1072 quod

231 1086 273 1132 ei
287 1086 520 1132 dederunt
534 1101 701 1132 omnes
725 1085 1003 1150 Prophetae,
1042 1100 1159 1149 quos
1173 1083 1413 1141 accusare,
1452 1085 1580 1148 quod
1601 1077 1770 1145 frigide
1784 1083 2050 1128 docuerunt
2073 1080 2131 1125 de
2148 1074 2439 1141 justificatio-
2496 1097 2515 1103 e

232 1167 294 1200 ne
309 1186 322 1209 ‚
345 1153 460 1199 nihil
473 1152 596 1200 aliud
608 1161 829 1216 urgentes
845 1183 857 1206 ,
879 1168 1020 1216 quam
1037 1147 1353 1198 remiffionem
1367 1158 1676 1217 peccatorum
1691 1179 1704 1203 ,
1721 1163 1821 1213 quae
1836 1146 2072 1211 contingit
2085 1160 2168 1211 per
2181 1142 2438 1196 Christum,

229 1221 365 1269 nimis
379 1222 577 1276 durum,
615 1235 674 1266 ne
698 1221 934 1276 dicamus,
967 1220 1161 1282 impium
1175 1219 1330 1265 fuerit.
2377 1260 2379 1262 ,

398 1287 449 1333 In
462 1287 711 1350 Prophetis
727 1287 773 1335 ὃς
788 1286 970 1335 Psalmis
987 1287 1246 1332 conciones
1261 1289 1318 1331 de
1331 1281 1599 1332 remissione
1619 1290 1927 1348 peccatorum
1948 1279 2182 1343 praecipue
2204 1277 2438 1329 eminent,

229 1353 343 1402 &in
356 1353 621 1416 Prophetiis
636 1355 692 1399 de
709 1353 896 1399 Christo
910 1353 1113 1414 primurn
1130 1352 1347 1398 obtinent
1360 1351 1545 1397 locum:
1581 1351 1632 1397 In
1647 1350 1848 1413 Jeremia
1864 1346 2051 1410 pastum
2067 1344 2178 1391 novi
2192 1341 2440 1389 testamen-

229 1422 290 1476 ti,
314 1422 442 1484 quod
457 1421 581 1467 haud
595 1420 732 1466 dubie
748 1419 812 1466 est
827 1418 1016 1483 padtum
1031 1419 1189 1481 gratiae
1205 1416 1447 1480 &justitiae
1461 1416 1758 1463 constituitur
1770 1416 1816 1460 in
1831 1409 2096 1460 remissione
2113 1417 2438 1474 peccatorum.

229 1487 356 1534 Deus
371 1488 652 1551 promittens
667 1502 843 1533 novum
860 1485 1045 1549 passum
1064 1487 1301 1547 promittit
1323 1484 1363 1530 se
1383 1482 1673 1529 remissurum
1691 1483 1960 1543 iniquitates
1975 1512 1989 1534 ‚
2026 1492 2110 1542 per
2133 1474 2274 1521 fidem
2299 1488 2438 1522 novae

228 1553 343 1617 legis
367 1555 440 1601 seu
463 1552 702 1615 Evangelii
724 1553 927 1615 inscripti
952 1553 1183 1598 mentibus
1208 1551 1471 1596 hominum.
1559 1550 1681 1594 Ecce
1708 1547 1805 1592 dies
1828 1545 2026 1592 venient
2047 1543 2161 1590 dicit
2180 1541 2440 1595 Dominus,

231 1622 420 1685 quando
434 1616 601 1667 faciam
615 1635 722 1666 cum
738 1621 884 1665 domo
901 1617 1032 1664 Israel
1047 1617 1094 1666 <Sc
1109 1633 1217 1663 cum
1241 1618 1388 1662 domo
1400 1615 1518 1678 Juda
1536 1613 1690 1661 foedus
1717 1627 1896 1660 novum
1910 1640 1924 1664 ‚
1960 1611 2085 1656 dabo
2106 1607 2261 1671 legem
2282 1621 2442 1653 meam

229 1688 275 1734 in
291 1688 431 1734 corda
444 1702 608 1733 eorum
622 1718 635 1742 ,
673 1686 722 1734 ὅ(
735 1686 781 1734 in
794 1693 1005 1731 mentem
1018 1699 1185 1730 eorum
1199 1684 1391 1730 scribam
1416 1681 1538 1729 illam
1554 1714 1570 1737 2
1601 1680 1741 1744 &ipsi
1763 1687 1902 1726 erunt
1918 1676 2122 1741 populus
2137 1688 2268 1722 meus
2280 1706 2294 1728 .,
2333 1686 2444 1720 ero-

223 1761 320 1817 ‘que
344 1755 470 1808 Deus
484 1768 646 1800 eorum
662 1786 677 1808 ‚
714 1752 1009 1815 cognoscent
1024 1766 1099 1797 me
1114 1765 1280 1797 omnes
1295 1750 1341 1799 <Sc
1358 1748 1603 1796 minimi&
1618 1749 1838 1797 maximi,
1863 1748 1970 1809 quia
1985 1744 2223 1791 remittam
2237 1739 2339 1806 ipsls
2355 1740 2442 1788 ini·
2476 1777 2488 1781 ,

230 1822 431 1885 quitates
447 1835 612 1867 eorum
629 1852 642 1875 ‚
676 1819 723 1868 <Sc
745 1835 842 1866 non
858 1819 1145 1865 recordabor
1167 1817 1346 1880 amplus
1362 1825 1669 1880 peccatorum
1686 1829 1866 1860 eorum.

398 1889 466 1934 Ex
480 1903 597 1934 vero
610 1889 857 1950 Scripturae
873 1883 1114 1933 intellettu
1140 1886 1186 1931 in
1202 1884 1429 1948 Symboio
1453 1881 1733 1947 Apostolico
1758 1878 1956 1927 Ecclesia
1982 1873 2134 1924 fausta
2158 1873 2439 1933 confitetur,

225 1953 608 2019 justificationem
623 1952 711 2001 effe
725 1951 1040 2001 remissionem
1056 1960 1379 2015 peccatorum.
1453 1952 1566 1998 Non
1580 1949 1643 1996 est
1659 1950 1849 1996 dubium
1876 1944 2135 2010 Apostolos
2159 1940 2440 2006 complexos
2513 1953 2517 1955 ·

230 2021 321 2069 effe
335 2024 381 2069 in
396 2022 623 2085 Symbolo
639 2022 898 2085 praecipuos
913 2019 1131 2067 articulos
1147 2018 1308 2065 nostrae
1323 2018 1578 2081 religionis.
1650 2016 1885 2080 Praecipua
1901 2014 2059 2060 autern
2076 2024 2179 2072 pars
2195 2008 2259 2056 cst
2271 2007 2441 2056 doC'tri-
2523 2073 2526 2076 ἢ

230 2086 724 2151 nadejustificatione,
760 2104 898 2152 quarn
922 2096 1105 2151 partem
1123 2102 1219 2133 non
1235 2084 1499 2149 praeteriisse
1516 2100 1624 2140 eos,
1663 2083 1740 2131 sed
1765 2079 2043 2144 complexos
2069 2075 2160 2124 esse
2177 2106 2189 2128 ‚
2222 2091 2329 2122 cum
2356 2089 2438 2122 ne.-

230 2148 439 2221 ³garinon
455 2153 617 2219 possit,
653 2156 898 2202 fatendum
920 2152 1010 2210 est,
1050 2155 1177 2218 quod
1199 2169 1302 2199 earn
1319 2151 1641 2216 expresserunt
1664 2152 1710 2197 in
1731 2147 1825 2198 hoc
1842 2145 2065 2194 articulo:
2103 2144 2265 2192 Credo
2285 2140 2440 2189 remis-

231 2223 407 2271 sionem
423 2232 730 2287 peccatorum
744 2253 757 2275 ,
791 2225 838 2270 in
852 2223 945 2268 hoc
962 2221 1178 2268 nimirum
1194 2220 1322 2267 sensu
1338 2253 1351 2276 ,
1390 2221 1520 2282 quod
1538 2217 1803 2280 justificatio
1827 2215 1877 2262 sit
1890 2209 2092 2261 remissio
2116 2218 2439 2274 peccatorum.

231 2291 282 2345 In
295 2291 384 2338 hac
399 2306 499 2338 non
513 2291 695 2338 initium
707 2297 890 2337 tantum
908 2321 920 2344 ,
958 2289 1033 2335 sed
1048 2288 1187 2334 etiarn
1213 2285 1504 2352 progressum
1520 2288 1566 2334 ὅ(
1585 2283 1996 2333 continuationem
2016 2280 2099 2326 suae
2118 2276 2302 2340 justitiae
2327 2290 2440 2322 con-

231 2356 375 2405 stituit
386 2356 610 2413 Ecclesia,
633 2358 845 2422 quotidie
867 2353 1143 2403 confitendo
1157 2356 1232 2401 sua
1244 2353 1409 2402 defleta
1424 2354 1472 2402 ὅ(
1487 2353 1773 2400 consolando
1789 2350 1831 2397 se
1845 2356 2151 2412 peccatorum
2167 2346 2352 2391 suorum
2368 2356 2437 2389 re-

233 2421 472 2480 miffione,
511 2425 555 2471 id
570 2426 758 2487 quodin
784 2424 1056 2487 quotidiana
1079 2421 1154 2468 sua
1176 2420 1455 2467 Precatione
1478 2419 1758 2474 confitetur,
1797 2424 1962 2480 petens
1986 2413 2061 2460 sibi
2084 2411 2257 2459 dimitti
2280 2409 2439 2456 debita

234 2491 308 2547 sua
323 2524 336 2547 ‚
372 2491 483 2538 sicut
497 2491 544 2540 ὃς
559 2491 758 2538 Psalmus
778 2507 795 2550 3
815 2507 850 2538 1.
865 2492 1091 2537 admonet
1112 2484 1306 2550 hujusce
1320 2484 1623 2535 consessionis
1638 2519 1652 2543 ,
1677 2483 1974 2546 duminquit:
2007 2479 2099 2527 Pro
2116 2479 2206 2526 hac
2219 2477 2368 2524 orabit
2380 2474 2439 2521 ad

235 2566 282 2608 te
297 2559 451 2606 omnis
469 2558 646 2607 santisus
669 2561 713 2605 in
737 2566 957 2621 tempore
973 2564 1232 2621 oportuno.
2153 2607 2165 2618 ⁰

404 2625 630 2674 Ofiander
645 2623 990 2673 diffinitionem
1014 2621 1128 2670 facit
1145 2621 1691 2669 inter-condonationem
1717 2624 2053 2683 peccatorum,
2086 2612 2130 2660 ὅ(
2146 2606 2437 2672 justificatio-

235 2706 343 2739 nem
358 2722 373 2752 ,
395 2692 592 2740 alterum
607 2694 663 2739 ab
676 2691 825 2740 altero
840 2692 1044 2756 separat,
1080 2690 1323 2752 praemittit
1342 2685 1655 2736 remissionem
1671 2693 1977 2752 peccatorum
1992 2676 2336 2748 justificationi-2
2370 2673 2441 2721 af·

235 2757 388 2806 firmat
411 2761 535 2824 prius
557 2759 733 2808 remitti
759 2768 983 2824 peccata:
1020 2758 1201 2805 Deinde
1229 2755 1463 2803 absolutos
1485 2754 1511 2801 a
1537 2754 1741 2819 peccatis
1763 2749 1997 2814 justis-icari
2022 2742 2242 2791 essentiali
2270 2739 2439 2803 Justitia

237 2824 435 2881 Christi,
471 2842 754 2890 quamquam
767 2827 813 2873 in
839 2826 1152 2888 disputatione
1168 2824 1242 2871 sua
1268 2823 1421 2870 secum
1439 2820 1681 2878 diffidens,
1708 2815 2088 2882 justificationem
2107 2809 2267 2856 tribuit
2283 2807 2439 2855 remis·

237 2889 348 2937 sioni
362 2902 669 2955 peccatorum
684 2927 697 2948 ,
731 2894 842 2940 dum
857 2893 969 2939 facit
988 2893 1101 2939 duas
1117 2899 1271 2956 partes
1277 2887 1620 2954 justificationis
1635 2922 1647 2946 ‚
1685 2887 1878 2934 alterat-n
1891 2875 2204 2927 remissionem
2218 2883 2438 2940 peccato·
2500 2897 2505 2952 }
2523 2931 2525 2933 ι

238 2969 367 3014 rum,
405 2958 597 3020 alteram
611 2959 1011 3006 conciliationem.

362 3041 364 3043 ¹
405 3023 1094 3091 Prophetaenondistinguunt‚
1128 3039 1220 3073 nec
1234 3022 1430 3083 alteram
1443 3023 1500 3070 ab
1516 3020 1665 3068 altero
1697 3009 1978 3068 distrahunt,
2013 3010 2090 3059 sed
2113 3007 2462 3120 conjungung„

1234 3113 1236 3116 .
1321 3104 1323 3108 .
2356 3089 2399 3121 a.
2418 3097 2438 3111 ‚
