2554 3394
238 144 333 206 146
746 139 1062 206 ᾖεΐᾶηιηᾱβ
1099 143 1184 196 ber
1214 138 1444 202 zuram
1474 158 1532 208 ευ
1568 148 1854 229 &ambiit-35.

192 293 208 314 <
233 258 467 324 quoslibet
491 263 720 312 terrores,
765 254 1103 318 trepidationes
1128 253 1175 302 ὅ(
1198 254 1404 317 pericula
1427 260 1621 306 munire.
1689 262 1811 309 Cum
1838 264 2010 326 ubique
2034 262 2297 326 spargatur,
2330 277 2416 311 ve·
2487 258 2490 262 ¹

227 320 365 372 stram
378 323 466 370 esse
481 323 777 374 sententiam,
803 328 855 368 ut
869 318 1060 368 servitus
1074 321 1249 367 seratur
1261 321 1308 368 in
1322 321 1605 384 Adiaphoris
1622 356 1636 378 ‚
1660 328 1801 372 etiam
1815 327 1898 374 illis
1913 361 1926 383 ,
1957 343 2056 392 quae
2072 328 2265 376 Islebius
2279 329 2326 377 ὅ(
2340 327 2416 376 alii

229 391 387 438 aulicis
402 388 594 435 consiliis
610 388 750 444 ebrii,
787 382 1060 453 Adiaphora
1074 395 1279 442 vocant,
1313 385 1361 434 ὅ(
1381 389 1545 450 quibus
1570 389 1783 436 venustas
1805 392 1954 456 aliqua
1983 394 2232 458 allegorica
2257 393 2416 458 affingi

226 455 410 519 potest,
443 455 562 500 utad
574 452 774 516 aliquem
789 453 974 500 usumin
989 451 1186 500 Ecclesia
1199 455 1551 500 accommodari
1578 463 1776 518 queant,
1815 472 1904 520 qua
1920 468 2017 506 arte
2041 459 2258 524 quaelibet
2282 473 2417 524 nugae

226 536 317 584 pro
336 516 614 581 Adiaphoris
629 521 815 567 obtrudi
830 517 1038 582 possent,
1059 534 1165 565 cum
1192 517 1442 566 flexibilem
1456 519 1580 567 illam
1595 521 1873 568 sententiam
1888 554 1903 578 ,
1936 524 2261 575 servitutemin
2274 527 2413 574 Adia-

225 583 387 649 phoris
406 586 646 632 ferendam
669 584 758 631 esse
783 583 917 632 multi
933 586 1134 648 improbi
1158 588 1390 649 usurpent.
1459 588 1633 634 Iterum
1661 603 1847 635 oramus
1870 587 1934 635 V.
1960 590 2017 637 R.
2039 591 2087 638 Ρ.
2110 608 2194 654 per
2217 594 2416 656 gloriam

227 650 397 700 Christi
411 652 520 715 JEsu
544 654 590 699 in
606 651 809 698 Ecclefiae
823 651 1011 698 salutem
1026 684 1041 707 ,
1078 660 1129 698 ut
1143 668 1229 698 vos
1244 654 1288 699 in
1303 649 1392 699 hac
1407 653 1724 701 controversia
1740 656 1797 700 de
1812 653 2093 717 Adiaphoris
2115 658 2312 705 dilucide
2334 660 2417 705 de·

223 717 412 765 claretis
435 721 563 765 edito
588 717 759 792 scripto
779 750 793 773 ‚
831 716 941 764 alias
965 717 1038 764 illa
1061 718 1285 765 sententia
1306 750 1320 773 ‚
1361 719 1631 765 servitutem
1655 722 1700 767 in
1722 721 2006 784 Adiaphoris
2029 721 2267 770 serendam
2292 721 2413 781 esse,

224 783 404 831 ins-inita
418 784 654 831 schismata
669 783 924 838 suscitabit,
961 784 1008 831 ὅ(
1032 783 1185 848 plures
1208 781 1438 848 diffipabit
1461 784 1707 838 Ecclefias‚
1740 802 1877 848 quam
1901 785 2264 836 adversariorum
2288 804 2415 837 arma

224 851 474 897 destruant.
540 850 589 896 In
610 866 698 897 vos
721 849 932 899 conversi
954 850 1055 897 sunt
1079 852 1292 897 omnium
1317 851 1439 897 oculi
1463 852 1508 900 ὅ(
1533 853 1699 908 animi,
1733 869 1757 898 a
1780 852 1937 900 vestris
1956 851 2140 915 judiciis
2166 857 2288 901 bona
2310 868 2415 919 pars

225 915 475 963 Christiani
501 918 622 963 orbis
646 919 848 980 pendet,
884 917 1048 979 quibus
1075 915 1179 980 plus
1204 916 1311 963 fidei
1335 914 1540 973 habent,
1579 934 1716 981 quam
1740 919 1847 967 aliis.
1920 921 2031 966 Ideo
2055 937 2150 967 non
2175 921 2415 969 deserendi

225 983 328 1030 sunt
344 982 1210 1046 piiindubitationibus&confiliorum
1234 984 1582 1032 variationibus,
1615 986 1816 1031 Externa
1840 983 2108 1039 necemus,
2150 988 2233 1033 Dei
2249 988 2415 1050 gloria,

221 1048 430 1096 Ecclesiae
452 1049 561 1096 salus
586 1051 776 1113 requirit
799 1065 824 1095 a
847 1051 980 1096 vobis
1006 1047 1234 1111 ejusmodi
1259 1050 1642 1114 explicationem.
1711 1052 1917 1100 Pericula
1940 1052 2102 1099 nostrae
2126 1054 2339 1115 religioni
2363 1048 2424 1102 ὅτ

221 1117 430 1162 veritatis
457 1113 733 1163 confeffioni
756 1113 1036 1178 conjun&a‚
1073 1131 1161 1163 nec
1187 1116 1392 1173 filentio,
1418 1114 1527 1164 'nec
1552 1117 1650 1164 ullis
1673 1117 1929 1166 rationibus
1953 1120 2168 1166 humanis
2192 1119 2413 1167 declinari

219 1181 423 1246 possunt.
492 1183 701 1229 Evitandi
716 1181 910 1246 periculi
929 1182 1060 1229 causa
1074 1198 1171 1230 non
1187 1183 1250 1229 est
1263 1216 1276 1239 ,
1309 1191 1361 1230 ut
1374 1184 1619 1230 omittatur
1633 1182 1837 1231 officium
1851 1218 1863 1241 ‚
1899 1187 2027 1247 quod
2042 1185 2245 1233 Ecclefiis
2268 1186 2409 1232 debe-

218 1250 296 1298 tls.
365 1248 471 1296 Sive
487 1248 718 1304 sileamus,
753 1249 841 1296 sive
857 1248 1128 1310 loquamur,
1166 1251 1431 1297 adversariis
1446 1252 1567 1296 idem
1583 1249 1673 1301 est,
1706 1251 1996 1298 nisiomnino
2027 1254 2412 1314 abnegeturveta

218 1314 268 1364 ὅ(
285 1329 395 1378 pura
410 1313 623 1362 doihina
635 1313 805 1363 Christi
820 1347 834 1370 ,
856 1314 900 1363 ὅ(
922 1315 1095 1361 somnia
1107 1314 1327 1378 Papistica
1343 1318 1687 1377 approbentur,
1721 1317 1844 1363 nulla
1861 1317 2201 1380 tranquillitatis
2216 1318 2263 1365 ὃ(
2283 1318 2410 1381 pacis

221 1382 434 1430 conditio
450 1390 757 1445 proponetur.
826 1379 1002 1426 Frustra
1022 1379 1205 1426 aliunde
1231 1396 1369 1442 quam
1393 1396 1417 1424 a
1442 1382 1543 1426 Deo
1569 1383 1704 1427 nobis
1721 1383 2038 1444 promittimus
2063 1397 2226 1444 pacem
2252 1399 2305 1429 ac
2332 1386 2410 1430 de·

218 1446 495 1497 sensionem.
567 1447 691 1494 Huie
716 1445 763 1495 ὅ(
784 1460 866 1509 per
888 1446 1047 1508 JEsum
1072 1445 1321 1492 CHristum
1344 1445 1563 1495 Ecclesias
1585 1445 1788 1502 nostras,
1830 1463 1916 1494 vos
1935 1481 1950 1503 ‚
1982 1448 2226 1510 vestraque
2249 1450 2409 1501 omnia

220 1506 604 1569 committamus,
639 1527 745 1559 eum
769 1511 1047 1557 incessanter
1068 1512 1113 1556 in
1136 1508 1207 1556 his
1233 1512 1416 1556 summis
1441 1512 1753 1573 extremisque
1781 1513 2023 1572 periculis,
2059 1513 2409 1561 difficultatibus

217 1581 267 1631 ὅ(
283 1580 619 1628 calamitatibus
641 1581 920 1626 invocemus
945 1576 1127 1623 necesse
1150 1574 1240 1631 est,
1277 1574 1556 1636 oremusque
1580 1577 1845 1622 ardentibus
1865 1578 2012 1633 votis,
2049 1578 2407 1626 utincolumita-

219 1657 318 1696 tem
333 1645 537 1693 Ecclefiae
561 1645 671 1699 suae,
703 1659 841 1706 quam
854 1644 912 1688 ab
937 1643 1070 1688 initio
1095 1642 1257 1688 mundi
1280 1640 1358 1687 sub
1379 1641 1516 1687 variis
1541 1641 1939 1703 persecutionibus
1961 1643 2038 1690 sibi
2063 1643 2244 1707 semper
2264 1644 2409 1692 colle-

216 1720 314 1780 git,
350 1711 620 1759 defendit&
644 1710 865 1764 servavit,
903 1709 1044 1754 etiarn
1059 1708 1242 1754 nuncin
1256 1708 1499 1771 postremis
1513 1701 1585 1755 his
1604 1709 1903 1755 tenebrarum
1928 1709 2143 1772 procellIS
2158 1709 2405 1768 custodiat,

216 1789 405 1831 tueatur
429 1779 476 1826 &
496 1777 644 1825 servet
676 1775 815 1822 Pater
837 1773 1036 1822 coelestis
1069 1783 1266 1837 propter
1299 1773 1428 1820 suum
1456 1772 1619 1820 Filium
1653 1774 1972 1837 unigenitum,
2004 1775 2194 1839 JESUM
2226 1775 2407 1824 CHRI-

216 1848 423 1898 STUM,
461 1846 537 1910 qui
552 1843 662 1890 adsit
674 1841 1027 1891 vobis-&nobis
1040 1841 1256 1887 omnibus
1271 1841 1443 1903 Spiritu
1459 1838 1711 1887 ίυοίὶιηᾶο
1726 1869 1741 1894 ,
1779 1840 2040 1906 dirigatque
2053 1841 2207 1890 nostra
2220 1842 2407 1892 consilia

214 1917 266 1967 ὅ(
283 1913 488 1964 afflones
500 1912 558 1958 ad
571 1911 632 1958 sui
647 1909 846 1956 nominis
859 1907 1054 1971 gloriam
1069 1907 1117 1955 δε
1129 1905 1336 1954 Ecclesiae
1357 1907 1441 1954 suae
1456 1906 1645 1954 salutem
1661 1938 1674 1961 ,
1706 1911 1878 1954 Amen.
2390 1950 2394 1955 ,

384 1982 527 2029 Nunc
547 1991 692 2033 ver0,
728 1990 835 2023 cum
848 1971 1045 2021 fortassis
1060 1973 1147 2020 fitis
1163 1974 1492 2036 occupatiores
1507 2005 1521 2027 ‚
1551 1989 1688 2035 quam
1704 1973 2005 2037 utpublicum
2028 1974 2246 2039 scriptum
2271 1977 2406 2026 brevi

215 2049 454 2102 absolvere
470 2040 673 2110 possitis,
710 2057 819 2089 cum
833 2042 879 2089 id
892 2039 1143 2105 plusculum
1164 2041 1390 2103 temporis
1407 2039 1634 2103 postulet,
1670 2056 1890 2104 rogamus
1914 2043 2114 2097 obnixe,
2150 2050 2200 2089 ut
2218 2043 2271 2090 in,
2289 2038 2406 2091 sum·-

212 2136 294 2169 ma
315 2131 423 2165 cum
447 2114 542 2160 hoc
567 2108 805 2157 tabellario
831 2108 888 2153 ad
913 2123 999 2154 nos
1023 2105 1219 2154 vestram
1245 2106 1524 2154 sententiam
1536 2107 1818 2164 rescribatiS,
1853 2107 1900 2157 ὅ(
1916 2110 2073 2172 paucis
2093 2109 2307 2157 indicetis
2321 2125 2405 2159 ve·

215 2186 355 2235 strum
370 2183 428 2228 de
441 2178 593 2228 nostra
610 2171 1086 2236 sententiajudicium.

383 2244 648 2294 Reffiffime
661 2241 847 2290 valeant
860 2242 915 2288 R.
932 2241 988 2287 D.
1003 2239 1065 2288 V.
1078 2241 1123 2287 in
1135 2238 1246 2301 JEsu
1266 2238 1454 2287 Christo
1468 2269 1482 2291 ‚
1515 2240 1655 2287 unico
1670 2237 1879 2288 Ecclesia:
1893 2238 2191 2304 protestore,
2208 2246 2216 2251 ”
2228 2241 2400 2291 &libe-

214 2326 372 2368 ratore
386 2349 401 2373 ,
433 2315 620 2361 sedente
635 2307 924 2371 &regnante
937 2307 995 2354 ad
1008 2307 1221 2353 dextram
1236 2305 1487 2368 Majestatis
1510 2307 1625 2363 Dei,
1660 2308 1736 2355 cui
1758 2308 1833 2359 sua
1853 2307 2052 2360 Ecclefia
2075 2307 2259 2372 semper
2279 2324 2402 2359 curae
2431 2355 2435 2363 ,

214 2387 304 2438 fust
314 2418 330 2446 ,
361 2383 409 2434 ὅ(
421 2381 562 2446 usque
575 2378 632 2428 ad
647 2375 784 2425 seculi
797 2373 1250 2425 consummationem
1267 2373 1446 2437 semper
1460 2388 1580 2446 curae
1595 2376 1697 2424 erit.

1193 2572 1458 2634 ἣᾩέὶῡῶἓέ·

1244 2641 1377 2744 aa
